2373 3439
1069 276 1346 352 (mv)

275 402 510 477 Pressa
536 419 773 499 gemet
799 399 1114 495 pendens
1143 424 1467 472 uvarum
1492 399 1813 494 pondere
1839 399 2012 469 vitis
2038 433 2058 480 3

278 511 347 579 N
358 531 435 578 ec
457 507 653 579 mala
685 521 1138 597 praegnantes
1168 504 1480 596 pecudes
1510 504 1844 597 contagia
1871 500 2135 574 laedent
2161 551 2179 568 .

176 616 359 702 Mop.
387 609 663 679 Tristia
691 607 977 700 lugubri
1002 607 1338 699 deponite
1367 608 1694 675 carmina
1724 622 1942 675 cantu
1970 655 1990 683 ,

274 711 549 784 Pascite
570 763 587 789 ‚
613 728 693 780 ut
717 726 883 780 ante
901 761 920 788 ‚
943 710 1167 779 boves
1192 760 1210 788 ,
1241 709 1459 779 Pueri
1489 732 1503 776 :
1533 709 1895 777 tutabitur
1923 705 2093 775 istos

277 815 809 888 CLEMENTINA
839 862 860 889 ‚
887 811 1038 883 lues
1065 833 1192 884 nec
1220 810 1383 902 plus
1413 813 1712 901 obrepet
1736 810 1808 878 in
1834 807 2033 878 illos:

272 914 570 1007 Hosque
598 935 729 1006 ego
759 914 1030 986 caelabo
1063 911 1357 993 versus3
1398 928 1481 982 ut
1507 912 1835 986 carmina
1867 907 1920 979 fi
1949 911 2116 1001 quis

274 1023 564 1113 Captus
590 1037 845 1088 amore
873 1016 1068 1111 leget
1093 1068 1113 1097 ,
1157 1014 1379 1088 societ
1401 1012 1902 1087 modulamine
1929 1032 2231 1088 cantum
2262 1038 2282 1084 ε

281 1122 820 1229 (ΞιΕΜΕΝῗιΝΑ
852 1139 1115 1243 boves,
1144 1137 1488 1258 pecudes,
1485 1132 1906 1252 firvczvit,
1934 1139 2024 1225 ἄν
2042 1165 2305 1254 agnos.

343 1265 505 1354 Pro
533 1268 828 1347 meritis
853 1266 1101 1379 igitur
1105 1257 1361 1377 justas
1375 1253 1799 1374 persolvite
1814 1277 2078 1374 grates
2103 1321 2129 1359 ,

345 1379 659 1471 Solvite
695 1380 1037 1498 Pastores
1065 1374 1316 1465 laudes
1338 1443 1365 1483 ,
1412 1396 1717 1462 cantate
1742 1373 2079 1495 vicissim
2112 1407 2131 1457 τ

295 1505 836 1590 CLEMENNNA
873 1499 1135 1603 boves,
1157 1496 1475 1620 pecudes
1476 1495 1904 1612 ftrvavit,
1932 1498 2021 1582 έν
2052 1523 2307 1613 agnos.

283 1651 350 1721 O
382 1646 566 1718 mihi
591 1644 643 1716 fi
679 1644 974 1739 posthac
999 1661 1291 1715 tantum
1319 1640 1485 1712 satis
1512 1642 1662 1712 oris
1690 1639 1959 1712 adesset
1983 1694 2002 1720 ‚

283 1751 450 1822 Hoc
471 1765 549 1819 ut
574 1772 711 1841 pro
739 1747 1004 1821 merito
1024 1746 1269 1817 laudes
1297 1742 1715 1838 persolvere
1741 1742 2049 1836 pollem!

287 1854 397 1924 At
420 1848 724 1923 meliore
751 1849 972 1943 chely
999 1847 1260 1919 melius
1284 1842 1667 1918 cantabitis
1699 1845 1885 1915 illud

289 1955 626 2027 Arcades
659 2007 679 2034 ,
701 1955 769 2024 ὃς
800 1954 1111 2047 dignum
1137 1971 1396 2020 nornen
1419 1945 1631 2040 super
1660 1948 1844 2018 astra
1875 1945 2161 2020 feretis:

292 2060 548 2147 Atque
573 2056 694 2126 hic
724 2055 1050 2127 cantabit
1085 2052 1455 2145 Corydon
1484 2103 1502 2130 ,
1534 2052 1852 2120 cantabit
1877 2048 2144 2121 Alexis
2173 2105 2193 2117 .

192 2158 358 2232 Mel.
379 2160 607 2233 Haud
625 2158 890 2250 equide
914 2154 1282 2227 nemorale
1308 2153 1660 2232 sonas,nec
1679 2153 2006 2223 carmina
2026 2152 2321 2245 agrestis

295 2265 407 2335 Te
435 2262 821 2335 modulata
848 2262 1161 2355 probant
1200 2274 1485 2327 cantus.
1519 2256 1655 2327 Sed
1683 2253 1920 2325 define
1953 2254 2168 2347 plura
2195 2288 2216 2334 ς

285 2366 454 2456 Jam
481 2365 600 2440 Sol
622 2364 888 2460 mergit
913 2363 1313 2454 equos,jam
1340 2357 1612 2452 pallent
1637 2359 2003 2429 montibus
2029 2356 2323 2445 umbre.

198 2473 385 2559 Mop.
422 2467 682 2540 Desine
707 2489 851 2540 non
876 2464 1258 2543 humilem,
1276 2484 1436 2532 mea
1453 2458 1957 2539 fistula,define
1978 2459 2217 2528 cantfi.

299 2571 425 2642 Sat
449 2588 696 2643 cantu
722 2566 1183 2660 modulisque
1215 2566 1476 2634 datum
1505 2587 1521 2630 :
1552 2562 1655 2632 sat
1689 2561 2041 2631 carminis
2073 2559 2215 2629 esto
2250 2614 2264 2627 .

301 2674 570 2767 Spero,
595 2697 742 2761 non
774 2672 1014 2743 multo
1047 2667 1348 2763 posthac
1373 2718 1394 2746 ,
1432 2665 1888 2735 cantabimus
1920 2661 2186 2741 Illam,-

306 2776 737 2848 Sand‘torum
768 2775 989 2847 fuerit
1016 2795 1187 2844 cum
1218 2768 1419 2841 fastis
1444 2766 1714 2857 scripta
1741 2766 1969 2836 beatis
1998 2819 2012 2834 .

304 2881 417 2952 Ite
444 2880 751 2952 domum
777 2877 1037 2951 saturae
1063 2927 1082 2958 ‚
1101 2897 1253 2947 nox
1283 2872 1587 2944 advenit
1606 2924 1625 2955 ,
1656 2872 1753 2941 ite
1783 2865 2077 2962 capellae
2100 2913 2116 2937 .

2111 3075 2227 3141 De-
