2373 3439
1114 237 1391 316 (xvi)

310 367 480 455 Jam
504 387 741 435 novus
772 363 1232 435 auricomum
1255 363 1439 455 Celo
1465 382 1688 459 caput
1715 366 1989 438 extulit
2034 390 2258 440 annus

226 470 709 554 (Duodecimi
744 475 1204 540 CLEMENTIS
1233 474 1565 557 quintus)
1592 469 1906 563 (semper
1931 474 2258 551 acerbus,

218 574 516 662 Semper
547 571 1010 642 honorandus
1035 622 1053 647 2
1093 566 1422 639 tulerant
1452 571 1546 642 sic
1576 572 1724 645 fata
1761 627 1779 653 ‚
1833 593 2194 644 recurret.
2236 581 2256 657 )

204 675 523 765 Jamque
561 677 792 767 rigens
832 671 1107 742 Areios
1135 673 1424 742 nivium
1450 674 1846 747 diffuderat
1873 699 2135 747 urnam
2163 731 2182 757 ,

219 779 314 849 Et
339 776 603 868 gelidis
631 776 1009 867 quatiebat
1039 775 1305 866 hyems
1341 776 1846 866 Aquilonibus
1874 782 2155 850 Orbem
2184 833 2201 859 ‚

222 879 419 950 Cum
450 883 989 953 CLEMENTINAE
1025 876 1342 969 flagrans
1378 882 1791 970 praecordia
1817 879 2038 952 febris

216 981 453 1051 Irruit
474 1033 491 1060 ,
519 998 737 1069 atque
766 978 938 1049 aestu
976 979 1269 1051 accenso
1296 981 1718 1072 depascitur
1753 1001 1957 1053 artus
1987 1037 2001 1052 .

328 1084 654 1154 Sollicito
684 1083 971 1153 interea
995 1084 1331 1177 percepit
1355 1084 1653 1176 pectore
1689 1086 2057 1158 CLEMENS

224 1186 633 1280 (Prospere
663 1185 904 1257 adhuc
931 1208 1240 1281 regnans
1276 1239 1295 1268 ,
1335 1189 1471 1257 toti
1496 1191 1622 1278 qui
1648 1184 1994 1280 praesidet
2027 1189 2263 1270 Orbi,

222 1289 480 1382 Atque
504 1291 646 1362 Dei
671 1291 743 1361 in
779 1293 1002 1361 terris
1029 1311 1295 1360 munus
1329 1292 1457 1381 qui
1482 1290 1825 1384 praestat3
1861 1290 1928 1359 ἃ
1950 1288 2149 1360 ultra

216 1395 368 1466 Det
397 1397 719 1474 DeUS,ut
749 1392 1054 1485 longum
1079 1391 1372 1485 praestet
1403 1394 1614 1465 :nam
1634 1394 2016 1465 maximus
2048 1393 2264 1474 Urbi,

215 1497 473 1586 Atque
503 1497 688 1568 Orbi
721 1497 900 1566 vere
927 1494 1239 1566 clemens
1266 1519 1349 1567 ac
1375 1498 1705 1591 optimus
1741 1500 1940 1567 idem
1971 1495 2066 1567 est
2092 1502 2118 1581 )

212 1599 590 1691 Reginam
624 1596 809 1668 febri
836 1599 1058 1668 exuri
1095 1623 1110 1668 ε
1153 1622 1321 1671 cum
1346 1602 1694 1693 protinus
1727 1600 2009 1672 Urbem

208 1700 651 1791 Ferrejubet
680 1702 802 1794 pia
826 1718 1009 1772 vota
1028 1705 1229 1773 Deo.
1280 1704 1495 1774 Tunc
1527 1706 1775 1775 excita
1796 1703 1984 1792 jussu

208 1801 598 1874 Pontificis
620 1807 843 1885 tanti3
880 1805 948 1875 ὃς
970 1806 1300 1899 propriis
1325 1803 1786 1899 praefervida
1806 1806 2004 1876 votis
2027 1856 2047 1883 ,

206 1905 410 1977 Ante
445 1929 609 1978 aras
635 1907 829 1980 Urbs
851 1924 1006 2003 tota
1034 1910 1189 1979 ruit
1219 1907 1722 2003 :supplexque
1749 1926 2097 2001 precatur

210 2005 535 2104 Qisque
564 2015 811 2084 Deum
831 2066 851 2093 ,
881 2013 1062 2084 vitae
1083 2012 1495 2086 Dominum
1514 2011 1916 2105 mortisque
1942 2007 2255 2082 futurae.

324 2113 661 2186 Coelicus
688 2115 809 2186 hic
839 2117 1051 2189 Panis
1078 2115 1420 2210 Templis
1442 2116 1846 2210 exponitur
1872 2150 1891 2195 3
1930 2112 2083 2184 illic

217 2217 522 2291 Publica
549 2237 731 2291 vota
757 2222 928 2294 Deo
953 2217 1141 2290 fiunt
1166 2245 1182 2289 ε
1210 2218 1580 2292 &lumina
1606 2217 1808 2292 mille

215 2320 437 2392 Mille
458 2321 648 2394 faces
677 2322 938 2396 ardent
963 2323 1112 2395 aris
1131 2370 1152 2402 ‚
1172 2325 1238 2395 ὅ(
1264 2323 1485 2397 thura
1511 2341 1941 2396 cremantur
1968 2380 1982 2397 .

218 2424 582 2496 Omnibus
613 2428 737 2497 ide
761 2429 1071 2509 animm,
1094 2449 1321 2508 menS,
1349 2450 1587 2522 voxq3
1618 2427 1713 2499 est
1739 2429 2074 2497 omnibus
2102 2445 2260 2493 una:

216 2527 595 2621 Reginam
619 2530 1062 2603 incolumem
1089 2529 1332 2602 servet
1357 2535 1562 2603 Deus
1587 2583 1606 2610 ‚
1633 2529 1860 2601 Urbis
1883 2548 2212 2600 amorem
2239 2576 2258 2604 ,

213 2631 659 2726 Prodigium
687 2636 964 2707 cumstis
990 2633 1286 2726 Populis
1308 2687 1326 2714 ‚
1355 2634 1718 2724 Orbisque
1753 2631 2092 2702 decorem
2127 2684 2140 2696 .

324 2733 462 2808 Ast
486 2740 834 2829 quoniam
862 2738 1180 2832 placitus
1206 2734 1913 2831 Coelo,placitusque
1935 2731 2261 2805 Tonanti

217 2836 545 2933 Spiritus
577 2845 726 2934 ejus
753 2860 910 2914 erat
941 2841 1047 2930 (1)
1080 2875 1099 2923 3
1130 2863 1405 2913 necnon
1434 2842 1713 2915 Divina
1738 2837 2086 2909 voluntas
2182 2892 2184 2894 -

1941 2941 2162 3033 Regi-

354 3082 437 3143 <1>
486 3080 673 3132 Placita
696 3084 818 3133 em‘m
841 3094 947 3133 erat
967 3083 1065 3134 Deo
1085 3083 1239 3133 mima
1257 3083 1383 3134 illius
1410 3119 1419 3132 .
1461 3085 1479 3141 (
1506 3083 1617 3148 S-zp.
1639 3098 1676 3128 c.
1698 3094 1742 3141 4.
1763 3079 1784 3141 )
