<?xml version="1.0" encoding="UTF-8"?>
<!DOCTYPE html PUBLIC "-//W3C//DTD XHTML 1.0 Transitional//EN"
    "http://www.w3.org/TR/xhtml1/DTD/xhtml1-transitional.dtd">
<html xmlns="http://www.w3.org/1999/xhtml" xml:lang="en" lang="en">
 <head>
  <title>
</title>
<meta http-equiv="Content-Type" content="text/html;charset=utf-8" />
  <meta name='ocr-system' content='tesseract 3.04.00' />
  <meta name='ocr-capabilities' content='ocr_page ocr_carea ocr_par ocr_line ocrx_word'/>
</head>
<body>
  <div class='ocr_page' id='page_1' title='image "./epicediumproimma00casa_0043.png"; bbox 0 0 2373 3439; ppageno 0'>
   <div class='ocr_carea' id='block_1_1' title="bbox 1090 209 1352 287">
    <p class='ocr_par' dir='ltr' id='par_1_1' title="bbox 1090 209 1352 287">
     <span class='ocr_line' id='line_1_1' title="bbox 1090 209 1352 287; baseline -0.019 -14"><span class='ocrx_word' id='word_1_1' title='bbox 1090 209 1352 287; x_wconf 74' lang='lat' dir='ltr'><strong>(xm)</strong></span> 
     </span>
    </p>
   </div>
   <div class='ocr_carea' id='block_1_2' title="bbox 456 327 1963 544">
    <p class='ocr_par' dir='ltr' id='par_1_2' title="bbox 456 327 1963 544">
     <span class='ocr_line' id='line_1_2' title="bbox 456 327 1963 544; baseline -0.011 -114"><span class='ocrx_word' id='word_1_2' title='bbox 456 337 551 430; x_wconf 90' lang='lat' dir='ltr'><em>V</em></span> <span class='ocrx_word' id='word_1_3' title='bbox 551 333 776 458; x_wconf 68' lang='lat' dir='ltr'><strong>{fiala</strong></span> <span class='ocrx_word' id='word_1_4' title='bbox 819 329 1551 544; x_wconf 50' lang='lat' dir='ltr'><strong>fflthmTigoloniae</strong></span> <span class='ocrx_word' id='word_1_5' title='bbox 1590 327 1963 435; x_wconf 80' lang='lat' dir='ltr'><strong>Flumen,</strong></span> 
     </span>
     <span class='ocr_line' id='line_1_3' title="bbox 1209 483 1442 540; baseline 0.013 -3"><span class='ocrx_word' id='word_1_6' title='bbox 1209 486 1234 537; x_wconf 81' lang='lat'><em>2</em></span> <span class='ocrx_word' id='word_1_7' title='bbox 1289 483 1442 540; x_wconf 66' lang='grc' dir='ltr'><strong>νυ.</strong></span> 
     </span>
    </p>
   </div>
   <div class='ocr_carea' id='block_1_3' title="bbox 683 687 1718 805">
    <p class='ocr_par' dir='ltr' id='par_1_3' title="bbox 683 687 1718 805">
     <span class='ocr_line' id='line_1_4' title="bbox 683 687 1718 805; baseline -0.014 0"><span class='ocrx_word' id='word_1_8' title='bbox 683 687 1718 805; x_wconf 68' lang='lat' dir='ltr'><em>ELEGIA.</em></span> 
     </span>
    </p>
   </div>
   <div class='ocr_carea' id='block_1_4' title="bbox 95 935 2239 2871">
    <p class='ocr_par' dir='ltr' id='par_1_4' title="bbox 95 935 2239 2871">
     <span class='ocr_line' id='line_1_5' title="bbox 104 935 2135 1126; baseline -0 -112"><span class='ocrx_word' id='word_1_9' title='bbox 104 943 681 1126; x_wconf 60' lang='lat' dir='ltr'><strong>Vlst.ERgone</strong></span> <span class='ocrx_word' id='word_1_10' title='bbox 706 955 862 1012; x_wconf 89' lang='lat' dir='ltr'><strong>tam</strong></span> <span class='ocrx_word' id='word_1_11' title='bbox 886 936 1105 1011; x_wconf 88' lang='lat' dir='ltr'><strong>celeri</strong></span> <span class='ocrx_word' id='word_1_12' title='bbox 1127 937 1341 1010; x_wconf 90' lang='lat' dir='ltr'><strong>cursu</strong></span> <span class='ocrx_word' id='word_1_13' title='bbox 1362 990 1383 1020; x_wconf 87' lang='lat'>,</span> <span class='ocrx_word' id='word_1_14' title='bbox 1427 935 1854 1012; x_wconf 90' lang='lat' dir='ltr'><strong>florentibus</strong></span> <span class='ocrx_word' id='word_1_15' title='bbox 1880 938 2082 1014; x_wconf 89' lang='lat' dir='ltr'><strong>annis</strong></span> <span class='ocrx_word' id='word_1_16' title='bbox 2108 949 2135 1024; x_wconf 77' lang='lat'><strong>,&#39;</strong></span> 
     </span>
     <span class='ocr_line' id='line_1_6' title="bbox 473 1040 1963 1135; baseline 0.004 -26"><span class='ocrx_word' id='word_1_17' title='bbox 473 1045 999 1116; x_wconf 81' lang='lat' dir='ltr'>CLEMENTINA</span> <span class='ocrx_word' id='word_1_18' title='bbox 1031 1092 1051 1121; x_wconf 92' lang='lat'>,</span> <span class='ocrx_word' id='word_1_19' title='bbox 1087 1041 1230 1111; x_wconf 91' lang='lat' dir='ltr'><strong>mei</strong></span> <span class='ocrx_word' id='word_1_20' title='bbox 1253 1040 1488 1135; x_wconf 85' lang='lat' dir='ltr'><strong>gloria</strong></span> <span class='ocrx_word' id='word_1_21' title='bbox 1510 1044 1755 1135; x_wconf 89' lang='lat' dir='ltr'><strong>prima</strong></span> <span class='ocrx_word' id='word_1_22' title='bbox 1787 1042 1963 1125; x_wconf 87' lang='lat' dir='ltr'><strong>soli,</strong></span> 
     </span>
     <span class='ocr_line' id='line_1_7' title="bbox 204 1142 2239 1235; baseline -0.003 -15"><span class='ocrx_word' id='word_1_23' title='bbox 204 1148 504 1227; x_wconf 87' lang='lat' dir='ltr'><strong>Occidit</strong></span> <span class='ocrx_word' id='word_1_24' title='bbox 534 1144 699 1229; x_wconf 73' lang='lat' dir='ltr'><strong>(heu</strong></span> <span class='ocrx_word' id='word_1_25' title='bbox 720 1142 983 1214; x_wconf 92' lang='lat' dir='ltr'><strong>mortis</strong></span> <span class='ocrx_word' id='word_1_26' title='bbox 1009 1145 1419 1235; x_wconf 74' lang='lat' dir='ltr'><strong>numquam</strong></span> <span class='ocrx_word' id='word_1_27' title='bbox 1439 1144 1875 1217; x_wconf 78' lang='lat' dir='ltr'><strong>medicabile</strong></span> <span class='ocrx_word' id='word_1_28' title='bbox 1900 1144 2185 1219; x_wconf 84' lang='lat' dir='ltr'><strong>vulnus!</strong></span> <span class='ocrx_word' id='word_1_29' title='bbox 2207 1149 2239 1232; x_wconf 85' lang='lat'>)</span> 
     </span>
     <span class='ocr_line' id='line_1_8' title="bbox 306 1245 1832 1337; baseline -0.002 -16"><span class='ocrx_word' id='word_1_30' title='bbox 306 1246 605 1325; x_wconf 89' lang='lat' dir='ltr'><strong>Occidit</strong></span> <span class='ocrx_word' id='word_1_31' title='bbox 629 1245 724 1317; x_wconf 93' lang='lat' dir='ltr'><strong>ad</strong></span> <span class='ocrx_word' id='word_1_32' title='bbox 753 1246 952 1337; x_wconf 85' lang='lat' dir='ltr'><strong>ripas</strong></span> <span class='ocrx_word' id='word_1_33' title='bbox 980 1296 1002 1325; x_wconf 88' lang='lat'>‚</span> <span class='ocrx_word' id='word_1_34' title='bbox 1034 1246 1286 1317; x_wconf 88' lang='lat' dir='ltr'><strong>Tibris</strong></span> <span class='ocrx_word' id='word_1_35' title='bbox 1309 1246 1541 1318; x_wconf 86' lang='lat' dir='ltr'><strong>amice</strong></span> <span class='ocrx_word' id='word_1_36' title='bbox 1564 1300 1586 1329; x_wconf 90' lang='lat'>,</span> <span class='ocrx_word' id='word_1_37' title='bbox 1622 1264 1785 1318; x_wconf 86' lang='lat' dir='ltr'><strong>tuas</strong></span> <span class='ocrx_word' id='word_1_38' title='bbox 1814 1262 1832 1309; x_wconf 69' lang='grc' dir='ltr'><em>Ξ</em></span> 
     </span>
     <span class='ocr_line' id='line_1_9' title="bbox 205 1343 2239 1443; baseline -0.002 -16"><span class='ocrx_word' id='word_1_39' title='bbox 205 1358 318 1428; x_wconf 89' lang='lat' dir='ltr'><strong>Sic</strong></span> <span class='ocrx_word' id='word_1_40' title='bbox 346 1354 644 1430; x_wconf 89' lang='lat' dir='ltr'><strong>cito‚me</strong></span> <span class='ocrx_word' id='word_1_41' title='bbox 667 1343 967 1419; x_wconf 68' lang='lat' dir='ltr'><strong>miserti!</strong></span> <span class='ocrx_word' id='word_1_42' title='bbox 1004 1354 1028 1435; x_wconf 91' lang='lat'>(</span> <span class='ocrx_word' id='word_1_43' title='bbox 1054 1364 1368 1439; x_wconf 87' lang='lat' dir='ltr'><strong>quantus</strong></span> <span class='ocrx_word' id='word_1_44' title='bbox 1396 1347 1610 1420; x_wconf 91' lang='lat' dir='ltr'><strong>dolor</strong></span> <span class='ocrx_word' id='word_1_45' title='bbox 1629 1365 1842 1443; x_wconf 88' lang='lat' dir='ltr'><strong>anget</strong></span> <span class='ocrx_word' id='word_1_46' title='bbox 1866 1351 1937 1422; x_wconf 92' lang='lat' dir='ltr'><strong>in</strong></span> <span class='ocrx_word' id='word_1_47' title='bbox 1956 1353 2239 1440; x_wconf 76' lang='lat' dir='ltr'><strong>annosl)</strong></span> 
     </span>
     <span class='ocr_line' id='line_1_10' title="bbox 305 1447 1874 1527; baseline -0.004 0"><span class='ocrx_word' id='word_1_48' title='bbox 305 1457 526 1527; x_wconf 87' lang='lat' dir='ltr'><strong>Mors</strong></span> <span class='ocrx_word' id='word_1_49' title='bbox 551 1447 707 1520; x_wconf 87' lang='lat' dir='ltr'><strong>fera</strong></span> <span class='ocrx_word' id='word_1_50' title='bbox 733 1449 1025 1523; x_wconf 91' lang='lat' dir='ltr'><strong>Polonis</strong></span> <span class='ocrx_word' id='word_1_51' title='bbox 1056 1448 1350 1522; x_wconf 87' lang='lat' dir='ltr'><strong>abstulit</strong></span> <span class='ocrx_word' id='word_1_52' title='bbox 1373 1471 1586 1523; x_wconf 89' lang='lat' dir='ltr'><strong>omne</strong></span> <span class='ocrx_word' id='word_1_53' title='bbox 1612 1451 1874 1523; x_wconf 84' lang='lat' dir='ltr'><strong>decus?</strong></span> 
     </span>
     <span class='ocr_line' id='line_1_11' title="bbox 199 1550 2147 1647; baseline -0.001 -16"><span class='ocrx_word' id='word_1_54' title='bbox 199 1557 466 1632; x_wconf 86' lang='lat' dir='ltr'><strong>Altera</strong></span> <span class='ocrx_word' id='word_1_55' title='bbox 485 1577 648 1647; x_wconf 84' lang='lat' dir='ltr'><strong>quae</strong></span> <span class='ocrx_word' id='word_1_56' title='bbox 673 1550 946 1625; x_wconf 92' lang='lat' dir='ltr'><strong>mulier</strong></span> <span class='ocrx_word' id='word_1_57' title='bbox 967 1551 1264 1647; x_wconf 74' lang='lat' dir='ltr'><strong>posthac</strong></span> <span class='ocrx_word' id='word_1_58' title='bbox 1298 1569 1455 1623; x_wconf 85' lang='lat' dir='ltr'><strong>tam</strong></span> <span class='ocrx_word' id='word_1_59' title='bbox 1482 1552 1683 1625; x_wconf 91' lang='lat' dir='ltr'><strong>clara</strong></span> <span class='ocrx_word' id='word_1_60' title='bbox 1704 1576 1838 1646; x_wconf 90' lang='lat' dir='ltr'><strong>per</strong></span> <span class='ocrx_word' id='word_1_61' title='bbox 1865 1555 2147 1630; x_wconf 88' lang='lat' dir='ltr'><strong>Orbem</strong></span> 
     </span>
     <span class='ocr_line' id='line_1_12' title="bbox 300 1653 2006 1753; baseline -0.001 -24"><span class='ocrx_word' id='word_1_62' title='bbox 300 1656 532 1753; x_wconf 73' lang='lat' dir='ltr'><strong>Ipsius</strong></span> <span class='ocrx_word' id='word_1_63' title='bbox 560 1707 579 1735; x_wconf 90' lang='lat'>‚</span> <span class='ocrx_word' id='word_1_64' title='bbox 607 1671 828 1746; x_wconf 89' lang='lat' dir='ltr'><strong>atque</strong></span> <span class='ocrx_word' id='word_1_65' title='bbox 862 1676 1110 1727; x_wconf 90' lang='lat' dir='ltr'><strong>meum</strong></span> <span class='ocrx_word' id='word_1_66' title='bbox 1141 1675 1407 1728; x_wconf 88' lang='lat' dir='ltr'><strong>nomen</strong></span> <span class='ocrx_word' id='word_1_67' title='bbox 1431 1655 1528 1726; x_wconf 89' lang='lat' dir='ltr'><strong>ad</strong></span> <span class='ocrx_word' id='word_1_68' title='bbox 1553 1657 1735 1728; x_wconf 88' lang='lat' dir='ltr'><strong>astra</strong></span> <span class='ocrx_word' id='word_1_69' title='bbox 1767 1653 1953 1729; x_wconf 88' lang='lat' dir='ltr'><strong>feret</strong></span> <span class='ocrx_word' id='word_1_70' title='bbox 1987 1655 2006 1707; x_wconf 67' lang='grc' dir='ltr'><strong><em>ἓ</em></strong></span> 
     </span>
     <span class='ocr_line' id='line_1_13' title="bbox 202 1756 2092 1853; baseline -0.002 -20"><span class='ocrx_word' id='word_1_71' title='bbox 202 1762 511 1834; x_wconf 86' lang='lat' dir='ltr'><strong>Currite</strong></span> <span class='ocrx_word' id='word_1_72' title='bbox 536 1756 916 1850; x_wconf 89' lang='lat' dir='ltr'><strong>plorantes</strong></span> <span class='ocrx_word' id='word_1_73' title='bbox 944 1758 1040 1830; x_wconf 88' lang='lat' dir='ltr'><strong>ad</strong></span> <span class='ocrx_word' id='word_1_74' title='bbox 1066 1756 1375 1836; x_wconf 79' lang='lat' dir='ltr'><strong>caerula,</strong></span> <span class='ocrx_word' id='word_1_75' title='bbox 1405 1758 1684 1831; x_wconf 90' lang='lat' dir='ltr'><strong>currite</strong></span> <span class='ocrx_word' id='word_1_76' title='bbox 1710 1758 2092 1853; x_wconf 82' lang='lat' dir='ltr'><strong>lymphae:</strong></span> 
     </span>
     <span class='ocr_line' id='line_1_14' title="bbox 302 1857 1913 1953; baseline -0.002 -18"><span class='ocrx_word' id='word_1_77' title='bbox 302 1864 399 1935; x_wconf 81' lang='lat' dir='ltr'><strong>Et</strong></span> <span class='ocrx_word' id='word_1_78' title='bbox 423 1876 678 1933; x_wconf 86' lang='lat' dir='ltr'><strong>currat</strong></span> <span class='ocrx_word' id='word_1_79' title='bbox 706 1857 1067 1953; x_wconf 88' lang='lat' dir='ltr'><strong>lacrymis</strong></span> <span class='ocrx_word' id='word_1_80' title='bbox 1089 1860 1439 1953; x_wconf 83' lang='lat' dir='ltr'><strong>grandior</strong></span> <span class='ocrx_word' id='word_1_81' title='bbox 1467 1861 1660 1932; x_wconf 91' lang='lat' dir='ltr'><strong>unda</strong></span> <span class='ocrx_word' id='word_1_82' title='bbox 1687 1862 1868 1932; x_wconf 89' lang='lat' dir='ltr'><strong>meis</strong></span> <span class='ocrx_word' id='word_1_83' title='bbox 1893 1897 1913 1945; x_wconf 82' lang='lat'><em>3</em></span> 
     </span>
     <span class='ocr_line' id='line_1_15' title="bbox 198 1959 2129 2058; baseline 0.001 -20"><span class='ocrx_word' id='word_1_84' title='bbox 198 1965 505 2038; x_wconf 87' lang='lat' dir='ltr'><strong>Currite</strong></span> <span class='ocrx_word' id='word_1_85' title='bbox 528 1964 947 2056; x_wconf 77' lang='lat' dir='ltr'><strong>praecipites</strong></span> <span class='ocrx_word' id='word_1_86' title='bbox 973 2014 993 2042; x_wconf 90' lang='lat'><strong>,</strong></span> <span class='ocrx_word' id='word_1_87' title='bbox 1020 1961 1357 2058; x_wconf 86' lang='lat' dir='ltr'><strong>lymphis</strong></span> <span class='ocrx_word' id='word_1_88' title='bbox 1379 1959 1844 2056; x_wconf 65' lang='lat' dir='ltr'><strong>plorantibus</strong></span> <span class='ocrx_word' id='word_1_89' title='bbox 1871 1964 2084 2039; x_wconf 87' lang='lat' dir='ltr'><strong>undae</strong></span> <span class='ocrx_word' id='word_1_90' title='bbox 2107 2001 2129 2046; x_wconf 84' lang='lat'>3</span> 
     </span>
     <span class='ocr_line' id='line_1_16' title="bbox 297 2063 1688 2139; baseline -0.001 -1"><span class='ocrx_word' id='word_1_91' title='bbox 297 2070 392 2138; x_wconf 85' lang='lat' dir='ltr'><strong>Et</strong></span> <span class='ocrx_word' id='word_1_92' title='bbox 417 2065 638 2137; x_wconf 86' lang='lat' dir='ltr'><strong>nostri</strong></span> <span class='ocrx_word' id='word_1_93' title='bbox 664 2065 899 2138; x_wconf 64' lang='lat' dir='ltr'><strong>ludius</strong></span> <span class='ocrx_word' id='word_1_94' title='bbox 923 2063 1109 2137; x_wconf 87' lang='lat' dir='ltr'><strong>ferte</strong></span> <span class='ocrx_word' id='word_1_95' title='bbox 1141 2065 1420 2137; x_wconf 87' lang='lat' dir='ltr'><strong>tributa</strong></span> <span class='ocrx_word' id='word_1_96' title='bbox 1453 2068 1688 2139; x_wconf 86' lang='lat' dir='ltr'><strong>mari.</strong></span> 
     </span>
     <span class='ocr_line' id='line_1_17' title="bbox 193 2165 2226 2262; baseline 0.002 -25"><span class='ocrx_word' id='word_1_97' title='bbox 193 2167 631 2260; x_wconf 70' lang='lat' dir='ltr'><strong>Exuperent</strong></span> <span class='ocrx_word' id='word_1_98' title='bbox 662 2170 903 2262; x_wconf 87' lang='lat' dir='ltr'><strong>ripam</strong></span> <span class='ocrx_word' id='word_1_99' title='bbox 931 2165 1351 2262; x_wconf 85' lang='lat' dir='ltr'><strong>lacrymosa</strong></span> <span class='ocrx_word' id='word_1_100' title='bbox 1377 2165 1647 2240; x_wconf 86' lang='lat' dir='ltr'><strong>fluenta</strong></span> <span class='ocrx_word' id='word_1_101' title='bbox 1694 2187 1829 2260; x_wconf 86' lang='lat' dir='ltr'><strong>per</strong></span> <span class='ocrx_word' id='word_1_102' title='bbox 1880 2187 2175 2241; x_wconf 87' lang='lat' dir='ltr'><strong>omnem</strong></span> <span class='ocrx_word' id='word_1_103' title='bbox 2203 2206 2226 2254; x_wconf 79' lang='lat'>3</span> 
     </span>
     <span class='ocr_line' id='line_1_18' title="bbox 296 2267 1915 2360; baseline -0.006 -18"><span class='ocrx_word' id='word_1_104' title='bbox 296 2274 549 2360; x_wconf 88' lang='lat' dir='ltr'><strong>Atque</strong></span> <span class='ocrx_word' id='word_1_105' title='bbox 572 2267 749 2341; x_wconf 88' lang='lat' dir='ltr'><strong>fluat</strong></span> <span class='ocrx_word' id='word_1_106' title='bbox 773 2267 1052 2342; x_wconf 88' lang='lat' dir='ltr'><strong>moestis</strong></span> <span class='ocrx_word' id='word_1_107' title='bbox 1071 2268 1405 2340; x_wconf 85' lang='lat' dir='ltr'><strong>moestior</strong></span> <span class='ocrx_word' id='word_1_108' title='bbox 1432 2269 1624 2340; x_wconf 91' lang='lat' dir='ltr'><strong>unda</strong></span> <span class='ocrx_word' id='word_1_109' title='bbox 1652 2268 1868 2340; x_wconf 88' lang='lat' dir='ltr'><strong>vadis</strong></span> <span class='ocrx_word' id='word_1_110' title='bbox 1894 2321 1915 2332; x_wconf 91' lang='lat'><strong>-</strong></span> 
     </span>
     <span class='ocr_line' id='line_1_19' title="bbox 193 2364 2226 2465; baseline 0 -21"><span class='ocrx_word' id='word_1_111' title='bbox 193 2368 714 2450; x_wconf 86' lang='lat' dir='ltr'><strong>Currite,ferte</strong></span> <span class='ocrx_word' id='word_1_112' title='bbox 731 2393 1016 2443; x_wconf 85' lang='lat' dir='ltr'><strong>meos...</strong></span> <span class='ocrx_word' id='word_1_113' title='bbox 1049 2364 1326 2443; x_wconf 80' lang='lat' dir='ltr'><strong>T1&#39;h.Ad</strong></span> <span class='ocrx_word' id='word_1_114' title='bbox 1347 2372 1529 2462; x_wconf 89' lang='lat' dir='ltr'><strong>quid</strong></span> <span class='ocrx_word' id='word_1_115' title='bbox 1548 2369 1845 2465; x_wconf 85' lang='lat' dir='ltr'><strong>suspiria</strong></span> <span class='ocrx_word' id='word_1_116' title='bbox 1865 2372 2016 2444; x_wconf 77' lang='lat' dir='ltr'><strong>ta&#39;ta</strong></span> <span class='ocrx_word' id='word_1_117' title='bbox 2039 2369 2173 2465; x_wconf 71' lang='lat' dir='ltr'><strong>hec</strong></span> <span class='ocrx_word' id='word_1_118' title='bbox 2202 2377 2226 2445; x_wconf 68' lang='grc' dir='ltr'><strong><em>ἓ</em></strong></span> 
     </span>
     <span class='ocr_line' id='line_1_20' title="bbox 294 2470 1912 2566; baseline -0.001 -22"><span class='ocrx_word' id='word_1_119' title='bbox 294 2472 470 2544; x_wconf 89' lang='lat' dir='ltr'><strong>Siste</strong></span> <span class='ocrx_word' id='word_1_120' title='bbox 498 2491 658 2544; x_wconf 85' lang='lat' dir='ltr'><strong>tuas</strong></span> <span class='ocrx_word' id='word_1_121' title='bbox 687 2471 1062 2566; x_wconf 85' lang='lat' dir='ltr'><strong>lacrymas</strong></span> <span class='ocrx_word' id='word_1_122' title='bbox 1085 2525 1104 2553; x_wconf 92' lang='lat'>‚</span> <span class='ocrx_word' id='word_1_123' title='bbox 1132 2470 1427 2542; x_wconf 87' lang='lat' dir='ltr'><strong>Vistula</strong></span> <span class='ocrx_word' id='word_1_124' title='bbox 1446 2524 1464 2553; x_wconf 93' lang='lat'>‚</span> <span class='ocrx_word' id='word_1_125' title='bbox 1492 2471 1647 2543; x_wconf 78' lang='lat' dir='ltr'><strong>siste</strong></span> <span class='ocrx_word' id='word_1_126' title='bbox 1671 2496 1870 2545; x_wconf 90' lang='lat' dir='ltr'><strong>meas</strong></span> <span class='ocrx_word' id='word_1_127' title='bbox 1897 2527 1912 2543; x_wconf 90' lang='lat'><strong>.</strong></span> 
     </span>
     <span class='ocr_line' id='line_1_21' title="bbox 95 2570 2053 2668; baseline -0.001 -21"><span class='ocrx_word' id='word_1_128' title='bbox 95 2570 239 2662; x_wconf 66' lang='lat' dir='ltr'><strong>Vist.</strong></span> <span class='ocrx_word' id='word_1_129' title='bbox 261 2575 613 2647; x_wconf 89' lang='lat' dir='ltr'><strong>Interiere</strong></span> <span class='ocrx_word' id='word_1_130' title='bbox 641 2575 826 2646; x_wconf 90' lang='lat' dir='ltr'><strong>mihi</strong></span> <span class='ocrx_word' id='word_1_131' title='bbox 853 2576 1160 2668; x_wconf 75' lang='lat' dir='ltr'><strong>prorsus</strong></span> <span class='ocrx_word' id='word_1_132' title='bbox 1192 2595 1351 2645; x_wconf 82' lang='lat' dir='ltr'><strong>mea</strong></span> <span class='ocrx_word' id='word_1_133' title='bbox 1370 2575 1636 2667; x_wconf 86' lang='lat' dir='ltr'><strong>gaudia</strong></span> <span class='ocrx_word' id='word_1_134' title='bbox 1669 2628 1683 2644; x_wconf 91' lang='lat'><strong>.</strong></span> <span class='ocrx_word' id='word_1_135' title='bbox 1720 2576 1884 2649; x_wconf 89' lang='lat' dir='ltr'><strong>Cur</strong></span> <span class='ocrx_word' id='word_1_136' title='bbox 1910 2596 2053 2647; x_wconf 91' lang='lat' dir='ltr'><strong>non</strong></span> 
     </span>
     <span class='ocr_line' id='line_1_22' title="bbox 294 2675 1872 2750; baseline -0.005 0"><span class='ocrx_word' id='word_1_137' title='bbox 294 2675 721 2750; x_wconf 87' lang='lat' dir='ltr'><strong>Raucisonis</strong></span> <span class='ocrx_word' id='word_1_138' title='bbox 751 2678 965 2748; x_wconf 89' lang='lat' dir='ltr'><strong>undis</strong></span> <span class='ocrx_word' id='word_1_139' title='bbox 994 2678 1087 2749; x_wconf 85' lang='lat' dir='ltr'><strong>ad</strong></span> <span class='ocrx_word' id='word_1_140' title='bbox 1109 2697 1310 2748; x_wconf 88' lang='lat' dir='ltr'><strong>mare</strong></span> <span class='ocrx_word' id='word_1_141' title='bbox 1337 2676 1638 2747; x_wconf 87' lang='lat' dir='ltr'><strong>moestus</strong></span> <span class='ocrx_word' id='word_1_142' title='bbox 1667 2699 1827 2748; x_wconf 87' lang='lat' dir='ltr'><strong>eam</strong></span> <span class='ocrx_word' id='word_1_143' title='bbox 1856 2695 1872 2742; x_wconf 62' lang='grc' dir='ltr'><strong><em>ἓ</em></strong></span> 
     </span>
     <span class='ocr_line' id='line_1_23' title="bbox 190 2776 1865 2871; baseline 0.002 -26"><span class='ocrx_word' id='word_1_144' title='bbox 190 2776 481 2850; x_wconf 86' lang='lat' dir='ltr'><strong>Interiit</strong></span> <span class='ocrx_word' id='word_1_145' title='bbox 499 2832 519 2860; x_wconf 91' lang='lat'>,</span> <span class='ocrx_word' id='word_1_146' title='bbox 543 2795 699 2852; x_wconf 88' lang='lat' dir='ltr'><strong>tota</strong></span> <span class='ocrx_word' id='word_1_147' title='bbox 726 2779 1007 2850; x_wconf 92' lang='lat' dir='ltr'><strong>interiit</strong></span> <span class='ocrx_word' id='word_1_148' title='bbox 1028 2802 1190 2851; x_wconf 87' lang='lat' dir='ltr'><strong>mea</strong></span> <span class='ocrx_word' id='word_1_149' title='bbox 1219 2776 1456 2871; x_wconf 83' lang='lat' dir='ltr'><strong>gloria</strong></span> <span class='ocrx_word' id='word_1_150' title='bbox 1490 2832 1504 2846; x_wconf 93' lang='lat'><strong>.</strong></span> <span class='ocrx_word' id='word_1_151' title='bbox 1537 2778 1700 2851; x_wconf 86' lang='lat' dir='ltr'><strong>Cur</strong></span> <span class='ocrx_word' id='word_1_152' title='bbox 1723 2801 1865 2850; x_wconf 90' lang='lat' dir='ltr'><strong>non</strong></span> 
     </span>
    </p>
   </div>
   <div class='ocr_carea' id='block_1_5' title="bbox 291 2879 2110 3054">
    <p class='ocr_par' dir='ltr' id='par_1_5' title="bbox 291 2879 2110 3054">
     <span class='ocr_line' id='line_1_24' title="bbox 291 2879 2015 3054; baseline -0.01 -96"><span class='ocrx_word' id='word_1_153' title='bbox 291 2879 585 2975; x_wconf 35' lang='lat' dir='ltr'><strong>Lugens,</strong></span> <span class='ocrx_word' id='word_1_154' title='bbox 603 2880 955 2955; x_wconf 85' lang='lat' dir='ltr'><strong>flebilibus</strong></span> <span class='ocrx_word' id='word_1_155' title='bbox 984 2896 1405 3052; x_wconf 51' lang='grc' dir='ltr'><strong>ηηιτηὲιπεῑ</strong></span> <span class='ocrx_word' id='word_1_156' title='bbox 1431 2880 1625 2954; x_wconf 88' lang='lat' dir='ltr'><strong>unda</strong></span> <span class='ocrx_word' id='word_1_157' title='bbox 1650 2881 1906 2954; x_wconf 75' lang='lat' dir='ltr'><strong>vadis?</strong></span> <span class='ocrx_word' id='word_1_158' title='bbox 1949 2979 2015 3054; x_wconf 78' lang='lat' dir='ltr'>C</span> 
     </span>
     <span class='ocr_line' id='line_1_25' title="bbox 2022 2999 2110 3049; baseline -0.023 1"><span class='ocrx_word' id='word_1_159' title='bbox 2022 2999 2110 3049; x_wconf 86' lang='lat' dir='ltr'><strong>ur</strong></span> 
     </span>
    </p>
   </div>
  </div>
 </body>
</html>
