2373 3439
1042 235 1395 312 (XL111)

110 356 462 456 Tih.Quid
489 357 756 432 facere?
790 358 1189 432 Indocil-em
1215 359 1409 433 flecii
1435 382 1615 433 num
1638 361 1939 435 vincere
1955 369 2204 441 morte
2219 407 2239 452 ς

307 464 628 535 Vincere
655 466 815 534 vim
838 461 971 535 fati
999 465 1114 534 vis
1140 485 1226 535 ne
1250 481 1499 537 creata
1522 462 1757 557 potest
1789 474 1805 520 2

203 567 436 660 AEgra
459 566 841 639 laborabat
871 567 1327 640 SOBIESKI
1357 564 1737 660 absumpta
1769 570 2003 639 tenaci

310 671 698 761 Languore
722 703 742 750 3
769 688 992 761 atque
1026 669 1257 741 ardor
1284 667 1504 740 febris
1538 685 1795 739 acutus
1825 689 1988 741 erat
2011 724 2030 743 .

207 770 586 842 Pontificis
616 774 900 843 Summi
912 772 1099 863 juffu
1116 824 1136 850 ,
1162 770 1539 862 facilisque
1577 769 1972 864 volensque

308 878 507 947 Cum
531 873 765 946 subito
804 874 999 944 Urbs
1031 871 1344 965 supplex
1373 875 1444 942 in
1471 874 1596 964 pia
1629 893 1807 947 vota
1835 876 2027 947 ruit.

206 974 390 1072 Qae
420 994 592 1048 tunc
620 974 997 1047 coelorum
1024 978 1354 1048 Domino
1389 997 1529 1046 non
1557 977 1776 1048 thura
1811 980 2214 1053 cremavit?

316 1080 510 1148 Vota
536 1099 800 1170 rogans
829 1084 1029 1155 Coelo
1062 1100 1207 1149 non
1233 1079 1442 1148 dedit
1465 1096 1683 1169 atque
1706 1102 1959 1170 preces
1993 1108 2011 1153 ε

206 1179 345 1250 Sed
381 1180 993 1251 CLEMENTINAM
1024 1180 1403 1252 coelorum
1433 1183 1687 1273 Regna
1712 1183 2140 1255 manebant:

308 1281 506 1351 Hinc
536 1279 761 1350 Urbis
787 1279 1107 1353 nihilum
1142 1300 1322 1353 vota
1353 1281 1747 1374 precesque
1765 1288 2034 1375 juvant
2065 1340 2081 1356 .

205 1380 827 1474 Postque-aliquot
854 1383 1048 1456 luces
1073 1385 1275 1456 Latii
1308 1382 1612 1456 discessit
1649 1387 1739 1456 ab
1763 1387 1914 1457 oris
1940 1422 1960 1467 3

307 1487 559 1575 Atque
586 1484 836 1555 brevis
862 1488 1040 1559 vitae
1065 1504 1400 1578 tempore
1424 1483 1666 1558 functa
1694 1485 1833 1558 suae
1859 1489 1989 1559 est.

203 1581 385 1678 Qis
412 1585 681 1657 referat
705 1587 1104 1660 Procerum
1130 1588 1395 1666 luctus,
1418 1587 1865 1681 lacrymasq3
1893 1590 2194 1666 dolentfi
2212 1627 2236 1674 3

305 1685 532 1783 Qeis
569 1687 1113 1762 CLEMENTINAE
1141 1689 1399 1763 funera
1429 1691 1728 1782 quisque
1759 1695 1986 1785 gemit
2017 1721 2034 1767 ἓ

205 1789 623 1861 Tristantur
652 1791 927 1872 Cives3
962 1792 1232 1885 vulgus
1264 1792 1723 1886 Populusque
1749 1795 2106 1867 videntur

292 1890 673 1980 Justitium
702 1892 936 1964 veluti
963 1894 1160 1965 triste
1195 1894 1429 1967 subire
1454 1895 1700 1976 suum,

204 1989 400 2062 Urbs
430 2010 601 2063 tunc
630 1991 723 2064 fic
750 1995 1026 2075 doluit,
1048 1997 1302 2068 molles
1326 1968 1645 2069 lacerata
1673 1997 2022 2091 capillos3

309 2093 487 2166 Visa
509 2112 590 2166 ut
612 2092 702 2166 fit
734 2099 1141 2190 numquam
1175 2099 1615 2171 condoluisse
1640 2102 1924 2193 magis,

204 2195 520 2266 Vidisses
547 2199 845 2270 moestos
865 2201 1089 2272 Urbis
1113 2224 1246 2294 per
1274 2204 1595 2295 compita
1616 2203 1849 2273 Cives

305 2298 746 2369 Moestitiam
772 2302 960 2372 tristi
983 2300 1226 2374 fronte
1253 2302 1528 2375 referre
1560 2303 1802 2374 suam.

201 2396 567 2470 Plorantis
588 2402 850 2492 Populi
871 2402 1243 2496 lacrymas
1277 2458 1296 2486 ‚
1323 2405 1673 2497 fletusque
1705 2420 2126 2500 gementum

307 2503 660 2588 (Affiduo
685 2505 960 2576 moestis
995 2507 1225 2576 imbre
1259 2510 1561 2579 cadente
1588 2511 1784 2601 genis
1814 2514 1836 2591 )

203 2604 474 2675 Oribus
501 2603 592 2673 ad
617 2604 985 2677 summum
1011 2608 1240 2701 plenis
1267 2627 1436 2679 tunc
1463 2610 1611 2701 ipse
1639 2612 1922 2684 ‚duobus

300 2706 466 2776 Vix
497 2710 692 2800 cepi:
717 2713 1026 2799 gemitus
1054 2713 1263 2804 copia
1289 2728 1488 2781 tanta
1513 2712 1651 2783 fuit
1678 2766 1695 2782 .

203 2801 372 2875 Non
401 2808 593 2879 secus
618 2862 638 2889 ,
667 2834 749 2881 ac
769 2815 1063 2902 quando
1091 2811 1386 2906 dilapsis
1413 2815 1682 2886 aethere
1706 2817 1974 2888 nimbis
1996 2868 2017 2896 ‚

300 2908 468 2980 Alti
501 2927 864 2985 torrentes
895 2916 1269 2986 montibus
1303 2932 1522 3007 atque
1548 2919 1859 2991 cadunt:
1914 3018 1987 3088 V

1218 3018 1268 3087 F
1326 3039 1375 3085 2
1996 3017 2118 3088 ici-
