2373 3439
914 212 1308 290 (XLVII)

58 345 239 436 Mop.
263 341 427 413 Non
456 340 690 413 malus
715 393 736 421 ‚
788 339 1141 433 populata
1161 338 1339 409 licet
1364 390 1384 419 ,
1415 337 1767 411 Meliboee
1797 393 1818 420 ,
1862 338 2202 413 dolorem

158 446 378 517 Hunc
404 443 682 516 faceret
712 495 727 511 .
760 445 936 538 Legi
959 466 1193 537 nuper
1222 441 1667 515 moestiffima
1696 443 1922 514 verba
1949 496 1971 524 ,

167 544 350 644 Qiae
378 549 617 618 tribus
644 548 812 617 hinc
846 549 1051 617 annis
1085 545 1346 618 caelavi
1374 547 1444 616 in
1479 547 1756 616 cortice
1785 544 1935 639 fagi
1970 598 1990 625 ,

168 652 369 721 Cum
395 651 754 741 lacrymis
790 650 1101 720 scribens
1131 650 1409 742 magnis
1441 674 1457 717 ε
1488 648 1835 720 &littera
1858 653 2087 720 rimas

165 753 429 823 Servat
460 753 701 824 adhuc
725 806 743 834 ,
773 751 959 822 sicco
987 775 1111 821 nec
1131 750 1197 820 se
1229 753 1519 821 diducit
1559 752 1769 823 hiatu
1797 806 1814 822 .

67 852 237 925 Mel.
260 856 369 926 ‘Et
387 857 573 927 mihi
595 853 817 927 verba
842 853 1035 924 feras
1062 854 1199 942 hec
1235 856 1578 944 quamvis
1605 856 1860 928 moesta
1885 909 1905 937 ,
1933 852 2184 926 dolori

165 958 318 1028 Sint
339 958 509 1031 licet
543 958 667 1029 illa
686 957 871 1026 mihi
906 981 922 1026 :
953 955 1229 1026 socium
1243 960 1460 1046 juvat
1485 955 1615 1026 esse
1639 957 1916 1030 doloris
1944 1007 1957 1027 .

57 1063 249 1150 Mop.
271 1063 440 1151 Jam
465 1058 749 1153 duplex
777 1056 1123 1131 transivit
1151 1059 1415 1152 hyems
1435 1111 1454 1138 ,
1489 1061 1556 1130 ὃς
1581 1062 1799 1131 tertia
1806 1064 2110 1153 jamjam

162 1163 474 1233 Labitur
503 1163 696 1256 (ipse
716 1181 910 1235 tenes
933 1168 957 1247 )
979 1163 1126 1253 qun
1147 1162 1684 1234 CLEMENTINA
1714 1215 1734 1243 ,
1757 1163 2055 1235 suarum

164 1264 562 1336 Virtutum
597 1288 763 1356 quae
797 1265 1007 1335 laude
1037 1263 1267 1336 solum
1289 1259 1704 1358 repleverat
1723 1289 1936 1337 omne
1960 1301 1979 1349 ς

163 1367 422 1460 Atque
450 1392 613 1442 aevo
636 1367 915 1440 flavens
935 1368 1207 1446 viridi,
1234 1365 1886 1457 laetoquejuventae

163 1468 413 1551 Flore,
439 1473 636 1543 diem
663 1468 916 1543 clausit
941 1470 1264 1540 moriens
1306 1476 1330 1554 (
1353 1468 1495 1538 heu
1520 1466 1799 1564 semper
1838 1474 2100 1544 acerbu
2118 1496 2194 1544 m

165 1571 336 1642 Tali
365 1592 606 1645 morte
630 1575 825 1645 diem
861 1577 872 1642 ἕ
906 1594 1177 1644 necnon
1202 1570 1682 1662 lacrymabile
1709 1574 1981 1646 vulnus
2013 1579 2023 1644 l
2059 1581 2083 1660 )
2190 1620 2193 1623 -

166 1675 419 1765 Atque
442 1699 573 1768 ego
596 1700 762 1748 cum
791 1677 1147 1769 lacrymis
1166 1675 1348 1746 tanti
1372 1696 1843 1749 monumenta
1863 1679 2142 1750 doloris

161 1777 503 1869 Ancipiti
529 1776 732 1849 ferro
753 1778 1064 1849 scribens
1084 1780 1157 1848 in
1186 1777 1462 1848 cortice
1484 1773 1629 1871 fagi
1659 1832 1679 1859 ,

158 1879 244 1948 In
271 1877 550 1972 signum
586 1883 766 1953 tanti
800 1880 1038 1953 luctus
1057 1933 1078 1961 ,
1106 1880 1262 1951 haec
1286 1881 1512 1949 verba
1540 1882 1800 1953 notavi
1834 1907 1852 1951 ε

167 1986 272 2051 CL
289 1986 784 2056 EMENTINA
812 1982 985 2055 diem
1009 1980 1234 2077 claufit
1262 1975 1546 2076 ‘Qg'ina
1564 2017 1587 2064 3
1610 1983 1861 2056 ‘Puellae’

163 2081 576 2184 ‘Pastoresqzte
600 2111 818 2157 omnes
842 2140 865 2167 ,
898 2083 1200 2174 Dryades
1217 2136 1240 2165 ,
1259 2092 1327 2155 ὕ
1354 2081 1652 2156 candida
1676 2091 1848 2159 Natis

167 2184 533 2256 Ploremus:
562 2194 903 2282 ‘'Rymauae
934 2184 1142 2262 Urbis
1165 2183 1359 2256 decus
1383 2212 1567 2257 omne
1589 2185 1817 2284 recessit
1859 2241 1875 2257 .

164 2286 376 2358 Forte
398 2312 670 2381 vagans
690 2292 913 2362 hodie
937 2294 1163 2362 verba
1191 2290 1346 2361 haec
1377 2292 1446 2360 in
1473 2294 1747 2361 cortice
1768 2291 1909 2383 legi
1938 2341 1951 2354 -

164 2391 289 2461 An
310 2413 453 2462 non
477 2393 573 2464 est
596 2394 799 2465 casus.
826 2411 1071 2464 tantus
1095 2392 1495 2486 plorandus
1530 2397 1548 2448 ?
1584 2396 1678 2466 Et
1700 2396 1898 2464 omni

163 2491 333 2563 Non
352 2494 656 2587 dignum
691 2497 787 2568 est
807 2495 982 2566 fietu
1019 2512 1309 2566 tantum
1332 2494 1821 2588 lacrymabile
1857 2493 2122 2567 vulnus

67 2592 236 2662 Mel.
259 2596 487 2669 Certe
507 2597 602 2669 est
621 2652 644 2678 ‚
677 2598 942 2693 Mopse
958 2652 980 2680 ‚
1005 2600 1113 2669 tui
1127 2596 1495 2689 justissima
1515 2599 1724 2671 causa
1741 2599 2023 2672 doloris
2052 2646 2078 2676 ,

160 2697 326 2784 Jam
346 2703 695 2788 memini(
727 2702 963 2774 multo
982 2701 1324 2792 quamvis
1350 2701 1518 2772 hinc
1541 2702 1825 2797 longius
1855 2701 2109 2787 essem)

173 2795 550 2891 Qantum
584 2805 704 2876 vel
725 2803 1040 2898 pecudes
1071 2802 1244 2898 ipsae
1268 2802 1534 2877 sensere
1559 2806 1837 2881 doloris
1872 2862 1889 2876 .

172 2900 459 2997 Accipe
479 2913 504 2993 (
521 2907 661 2979 vix
682 2911 937 2982 credas
965 2906 1208 2995 >nulla
1229 2906 1377 2980 illis
1401 2911 1659 2983 moesta
1683 2912 1932 2982 diebus

1919 3011 2078 3081 {vit
