2373 3439
1005 235 1418 314 (xxxv)

300 363 596 435 §mon-22„
624 364 753 436 tibi
780 362 1035 441 tande,
1070 365 1447 433 CLEMENS
1467 415 1487 443 ‚
1513 363 1600 435 fit
1626 364 1864 458 gratia
1896 365 2220 462 :semper

194 465 585 539 Munificae
623 468 912 539 dextrae
941 467 1095 537 laus
1122 462 1209 534 sit
1233 518 1253 546 ,
1274 491 1419 557 quo
1457 469 1786 560 Principe
1810 470 2112 552 Romae,

183 568 350 656 Jam
374 572 498 640 tibi
520 624 538 650 ,
559 575 713 661 jam
739 570 862 641 fibi
886 622 908 651 2
930 572 1479 642 CLEMENTlNAE
1501 574 1571 642 in
1597 569 1848 641 funere
1867 623 1886 650 ‚
1915 570 2220 665 compar

193 670 315 740 3:2st
350 690 592 743 tantus
624 675 961 744 decretus
992 675 1224 745 honos
1253 724 1270 752 ,
1291 674 1444 762 jam
1469 674 1733 765 dignus
1768 690 2088 766 utroque
2111 729 2131 757 ,

193 772 289 844 Et·
315 772 570 868 magna
597 776 858 870 dignus
880 772 1126 848 Roma
1153 777 1747 866 :quodammodo
1773 778 1936 866 jure

193 874 300 946 Ut
328 881 504 949 vere
534 879 885 972 Augustis
911 877 1253 949 effulserit
1279 876 1415 948 Illa
1447 878 1738 948 decoris

190 978 553 1071 [Exequiis
580 981 949 1054 Defuncla
985 980 1220 1073 magis
1247 1032 1266 1060 ,
1292 980 1516 1071 quam
1541 981 1722 1050 viva
1747 980 2004 1050 nitenti

190 1080 498 1181 fulserit
528 1085 600 1153 in
630 1084 865 1156 Solio:
889 1085 1133 1156 Tanto
1157 1081 1295 1154 Illa
1323 1082 1421 1154 est
1447 1082 1595 1154 lata
1630 1082 2013 1173 triumpho
2037 1127 2058 1158 ,

191 1184 591 1278 Tantisque
616 1186 873 1258 officiis
906 1186 1253 1259 decorata
1279 1184 1377 1255 est
1402 1206 1674 1277 pompa
1694 1185 2018 1252 Feretri.

292 1288 650 1361 Materies
677 1309 935 1361 cantus
963 1288 1125 1359 aliis
1159 1285 1248 1357 fit
1271 1287 1606 1356 maxima
1632 1305 1807 1354 cura
1827 1337 1848 1363 ‚

190 1390 354 1487 (ξαρ
384 1395 693 1463 Domini
718 1388 1114 1462 Ecclefiam
1139 1387 1371 1482 pascis
1400 1423 1419 1469 5
1446 1386 1834 1480 vigilantia
1861 1384 2141 1458 summa

186 1490 350 1590 Qa
376 1496 563 1587 regis
584 1546 603 1573 ‚
627 1512 847 1585 atque
873 1492 1149 1563 Themi
1176 1514 1317 1563 non
1341 1488 1693 1562 inferiore
1720 1490 2077 1582 gubernas
2104 1545 2125 1556 -

183 1595 628 1688 Magnificas
649 1597 874 1667 AEdes
902 1648 922 1677 ,
948 1612 1168 1686 atque
1195 1594 1344 1665 alta
1367 1592 1650 1665 Palatia
1675 1589 1876 1662 coelo

183 1697 443 1769 Multa
469 1717 728 1770 canant
755 1697 919 1778 alii,
949 1696 1229 1791 plateas
1251 1750 1273 1778 ,
1300 1697 1367 1767 ὅ(
1387 1695 1607 1767 strata
1633 1696 1972 1774 viarum3

186 1801 443 1892 Atque
465 1823 736 1875 novam
762 1800 992 1872 ferme
1013 1797 1284 1870 factam
1308 1851 1327 1879 ‚
1357 1798 1470 1867 Te
1494 1797 1829 1888 Principe
1852 1796 2177 1866 Romam
2202 1819 2221 1863 ε

185 1904 350 1975 Aut
382 1903 522 1975 alia
551 1904 922 1979 extollant
948 1902 1190 2009 laudis
1217 1916 1693 1974 monumenta
1718 1896 2065 1991 perennis

185 2005 441 2079 Millia
478 2060 497 2088 ,
524 2007 742 2103 supra
767 1994 1015 2078 omnes
1044 2004 1297 2076 laudes
1320 2057 1337 2073 .
1381 2004 1534 2096 Ego
1562 2002 1797 2095 Regia
1825 1999 2018 2069 dona

184 2111 442 2201 Atque
464 2109 953 2205 sepulchrales
980 2130 1289 2202 pompas
1317 2103 1789 2197 sumptusque
1820 2101 2166 2194 superbos
2197 2153 2216 2179 ,

186 2210 431 2306 Larga
456 2214 559 2285 ita
580 2207 892 2294 dextra,
929 2213 1479 2284 CLEMENTINAE
1501 2209 1573 2277 in
1596 2206 1894 2284 funere,
1929 2206 2169 2275 dicam
2202 2254 2219 2272 0

183 2315 414 2387 ‘Nulla
441 2318 595 2388 dies
625 2316 949 2409 unquam
974 2311 1290 2385 memori
1322 2329 1392 2381 te
1417 2308 1650 2381 diluet
1681 2333 1892 2390 aevo3
2029 2304 2032 2305 ⁷

188 2418 419 2489 Nulla
443 2420 654 2511 hujus
678 2420 927 2491 laudes
957 2417 1283 2486 adiment
1308 2412 1581 2485 oblivia
1614 2412 1827 2485 facti.

189 2521 464 2594 Nostra
490 2523 772 2616 stupens
800 2539 974 2594 aetas
1011 2518 1133 2589 alii
1153 2554 1173 2600 3
1197 2533 1654 2607 venturaque
1683 2511 1976 2606 posthac

187 2624 548 2697 Venturae
575 2630 777 2698 aetati
811 2622 1078 2694 referet
1098 2645 1112 2688 :
1132 2623 1244 2690 Te
1263 2618 1600 2710 Principe
1628 2619 1935 2690 Rornae,

190 2728 506 2820 Sumptu
535 2729 638 2799 ita
665 2730 870 2820 largo
898 2779 917 2806 ,
947 2725 1495 2797 CLEMENTINAE
1522 2722 1594 2790 in
1617 2717 1867 2789 funere
1902 2713 2161 2784 acerbo
2193 2764 2214 2793 ‚

188 2828 522 2928 Regifico
551 2829 777 2904 fuerit
809 2829 1224 2902 cumulatus
1252 2847 1463 2902 more
1488 2818 1914 2914 triumphus
1936 2871 1957 2881 -

2024 3025 2117 3091 De
