2373 3439
846 231 1447 309 (Lxxxxvn)

678 339 1645 446 NASCENTE

364 526 2006 711 CAROLQ

317 756 572 844 Sidus
603 749 962 841 insuetae
993 750 1215 838 lucis
1250 753 1344 835 in
1376 741 1627 834 Coelo
1661 741 1987 827 enituit
2024 801 2046 835 ,

163 950 228 1038 C
233 951 315 1036 ui
340 943 653 1032 additur
660 945 1016 1062 poeticus
1041 938 1122 1024 de
1128 931 1427 1058 pallore
1461 933 1710 1024 Lunae
1741 941 2137 1044 concepms

482 1127 1896 1254 EPIGRAMMA.

362 1379 427 1452 A
446 1389 703 1450 ROLUS
728 1376 858 1451 has
882 1379 1174 1472 superas
1206 1371 1495 1445 nascens
1524 1367 1664 1440 vix
1692 1366 1950 1461 prodit
1975 1364 2052 1436 in
2078 1387 2204 1435 au-

169 1389 351 1567 C
413 1480 686 1553 Sideris
711 1504 876 1553 ecce
900 1479 1078 1552 novi
1101 1475 1331 1571 fulget
1357 1478 1430 1546 in
1451 1474 1867 1564 axejubar.
2019 1472 2199 1556 (ras)

159 1582 280 1654 Sol
304 1604 543 1656 novus
572 1582 910 1656 aethereis
934 1581 1171 1653 veluti
1197 1574 1554 1673 prodiffet
1577 1575 1655 1647 in
1682 1573 1874 1655 oris;

266 1685 606 1757 AEtherei
627 1687 700 1756 in
723 1684 1016 1780 plausus
1046 1682 1352 1753 exiliere
1382 1678 1623 1752 Chori
1648 1731 1663 1747 .

156 1786 388 1862 ‘Astra
420 1788 677 1860 recens
710 1806 890 1860 nato
912 1788 1150 1860 Puero
1181 1783 1400 1855 risere
1421 1816 1444 1863 ς
1468 1776 1835 1870 Polusque

268 1889 383 1961 Est
406 1890 602 1961 visus
625 1889 846 1962 vultu
869 1886 1364 1982 splendidiore
1391 1885 1628 1955 nitens
1657 1935 1672 1949 .

71 2056 75 2059 ,
164 1992 498 2065 Sidereos
524 1993 721 2063 inter
752 1991 970 2085 (quis
1005 1989 1259 2062 credat
1282 1991 1351 2073 ἓ)
1379 1969 1524 2057 s5⁸la
1548 1980 1983 2075 triumphos

268 2095 479 2165 Luna
498 2094 699 2189 dolet
721 2131 744 2177 ,-
770 2092 1013 2190 gelido
1040 2090 1315 2187 pallida
1342 2087 1575 2180 fitque
1609 2102 1855 2157 metu,

163 2196 280 2270 Ne
310 2197 580 2266 mirere
607 2215 885 2266 tamen:
912 2195 1211 2265 venturi
1234 2189 1534 2287 praescia
1565 2185 1766 2261 casus

265 2300 692 2368 Turcarum
711 2296 1024 2368 Turmis
1049 2346 1070 2376 ,
1095 2317 1326 2367 nonne
1350 2293 1616 2365 timere
1647 2289 1874 2385 potest
1907 2305 1924 2357 ἒ

161 2400 587 2475 Praeteritos
618 2399 706 2471 ab
741 2398 922 2473 Avo
954 2395 1157 2471 casus
1189 2396 1435 2469 secum
1467 2391 1623 2490 ipsa
1654 2391 2053 2465 recordans
2073 2438 2093 2468 ,

267 2506 345 2574 A
369 2503 572 2574 Nato
601 2498 866 2573 ssmiles
890 2553 912 2584 ,
936 2522 1083 2594 quo
1109 2516 1456 2572 vereatur
1481 2550 1501 2581 ,
1528 2498 1743 2571 habet
1767 2550 1783 2565 .

161 2602 306 2678 'Ast
335 2604 556 2678 Coelo
576 2654 597 2685 ,
622 2604 839 2675 Pueri
870 2647 894 2682 ‚
917 2602 1268 2697 relegenti
1292 2602 1365 2672 in
1387 2598 1625 2673 fronte
1648 2596 2120 2692 triumphos‚'

269 2707 521 2778 Sidere
547 2727 772 2779 nonne
799 2729 988 2779 novo
1017 2705 1227 2779 causa
1251 2706 1477 2777 nitere
1502 2701 1683 2774 fuit?

171 2806 509 2879 CAROLE
536 2807 770 2881 mae'te
795 2808 1060 2880 animis
1088 2809 1356 2902 igitur3
1393 2806 1628 2878 cresce
1667 2805 1905 2878 omine
1954 2815 2196 2871 tanto:

269 2908 491 2982 Astra
518 2909 760 2984 ferunt
784 2914 1117 2987 Martem
1146 2964 1166 2993 ,
1200 2909 1400 2983 frons
1425 2911 1687 3006 probat
1715 2907 1845 2981 effe
1878 2909 2141 2999 jovem
2180 2956 2194 2973 .

1290 3013 1366 3090 N
1938 3011 2095 3080 Ma*
