2373 3439
954 219 1397 297 (xxxnI)

158 346 416 443 Elogia
440 398 460 428 ,
484 342 924 441 epigraphes
953 397 976 427 ,
1002 344 1239 417 lucius
1264 358 1280 404 ἒ
1309 343 1660 419 Encomia
1681 339 1987 414 laudum

161 448 461 546 Quidve
489 453 769 521 canam?
791 447 1130 542 Suspensa
1153 448 1379 520 tholis
1400 448 1579 540 quid
1602 445 1965 517 schemata
1986 443 2149 515 dica
2182 469 2199 517 ε

158 555 482 626 Atratus
500 547 802 645 Templi
836 550 1196 644 squallor,
1221 565 1840 640 monumentaque
1871 549 2050 620 vitae
2073 602 2092 630 ,

158 653 595 748 Exequialis
625 655 854 726 honos
878 707 898 734 ‚
925 655 1157 748 magis
1182 654 1247 723 δε
1276 653 1552 748 Regale
1577 654 1908 724 Cadaver

160 762 378 832 Dura
404 757 524 829 vel
542 805 565 837 ,
596 759 691 830 ad
716 756 1006 849 largum
1025 755 1475 844 compellunt
1497 755 1779 826 lumina
1804 751 2060 825 fletum
2088 779 2107 823 ε

156 861 607 953 Moeniaque
631 860 780 952 ipsa
807 858 1019 928 AEdis
1042 853 1317 927 moestae
1345 909 1364 936 ,
1389 873 1500 926 tot
1525 855 1717 949 signa
1741 853 2023 927 doloris

157 965 368 1036 Dum
396 963 714 1033 tolerant
740 1012 760 1040 ‚
784 957 997 1029 sociis
1025 957 1389 1049 lacrymis
1418 956 1684 1028 deflere
1711 959 2070 1030 videntur
2091 1015 2107 1030 .

260 1064 596 1136 Confluit
623 1061 960 1132 adduciis
986 1060 1194 1130 sociis
1229 1060 1427 1131 Urbs
1454 1077 1649 1140 tota,
1676 1059 1977 1150 ruitque

158 1167 361 1238 Cum
385 1164 668 1257 Populo
708 1165 911 1257 plebs
950 1163 1337 1255 impatiens
1359 1215 1378 1242 ,
1412 1164 1480 1233 ὅ(
1504 1159 1823 1254 Templa
1848 1160 2093 1233 subire

160 1267 484 1359 Quisque
513 1284 725 1347 avet,
756 1283 907 1356 atq3
939 1264 1122 1335 alios
1154 1263 1335 1335 alius
1363 1288 1500 1358 pro
1527 1265 1816 1336 viribus
1855 1282 2114 1358 urget:

155 1369 321 1461 Ipsa
362 1385 604 1440 tamen
634 1383 1007 1460 nequeunt
1038 1365 1328 1459 expleri
1357 1368 1585 1437 corda
1619 1366 1930 1438 tuendo.

154 1473 356 1542 Hinc
390 1475 588 1561 quia,
622 1471 825 1543 vasta
853 1469 1029 1541 licet
1054 1521 1072 1549 ,
1103 1469 1475 1561 capiendis
1501 1467 1819 1561 Templa
1844 1469 2190 1564 phalangi

155 1573 385 1644 Haud
418 1572 620 1652 sunt,
653 1590 817 1645 ante
842 1569 1030 1643 fores
1063 1588 1350 1642 armato
1381 1570 1613 1641 milite
1639 1571 2060 1663 complent3

158 1674 263 1744 Ut
286 1675 648 1765 Populum
676 1677 934 1768 poffint
959 1673 1178 1744 hastis
1204 1673 1549 1746 cohibere
1576 1689 1965 1744 ruentem:

157 1777 404 1846 Tanta
430 1777 682 1846 aderat
711 1777 946 1848 subito
973 1775 1376 1848 numerosae
1403 1779 1616 1870 copia
1645 1776 1931 1869 gentiS,

153 1878 249 1949 Et
277 1879 875 1949 CLEMENTINAM
902 1878 1209 1950 devotio
1239 1896 1439 1950 tanta
1465 1877 1803 1950 videndi!

253 1979 517 2049 Tertia
533 1980 656 2049 ubi
682 1981 1086 2051 aethereum
1124 1981 1366 2052 ferme
1394 1996 1925 2074 peragraverat
1959 2001 2184 2052 axem

156 2080 328 2149 Lux
353 2081 584 2153 nitido
606 2081 848 2162 Coelo,
879 2080 1160 2154 sacrum
1186 2084 1463 2177 Regale
1489 2084 1822 2155 Cadaver

152 2181 365 2250 AEdis
391 2183 838 2273 Apostolicae
864 2207 957 2254 ex
983 2187 1234 2278 adytis
1264 2188 1356 2256 ad
1381 2186 1641 2255 limina
1662 2185 1860 2256 Petri

151 2281 410 2350 Fertur
433 2338 447 2348 .
499 2284 924 2378 Magnificae
952 2290 1115 2378 quis
1141 2287 1351 2379 plene
1379 2286 1674 2379 infignia
1705 2307 1997 2379 pompae
2038 2339 2058 2369 ,

151 2381 333 2475 Qis
359 2383 524 2453 satis
553 2386 838 2457 excelso
868 2388 1320 2480 splendentia
1347 2389 1625 2459 lumina
1652 2389 1854 2458 cultu
1875 2440 1898 2467 ‚

152 2483 425 2578 Qisve
455 2489 947 2580 triumphales
975 2489 1171 2560 illius
1197 2488 1378 2560 lucis
1404 2492 1709 2561 honores

156 2586 507 2678 Explicet
537 2642 554 2666 ,
583 2609 707 2660 aut
739 2592 985 2661 valeat
1019 2592 1412 2709 compled'ti
1437 2611 1642 2664 tanta
1669 2593 2034 2686 loquendo
2067 2599 2085 2646 ἒ

154 2687 393 2758 Urbs
375 2690 642 2760 lterum
675 2694 1003 2826 congesta
1039 2696 1231 2765 ruit:
1256 2693 1321 2764 se
1347 2694 1648 2786 quisque
1675 2698 1956 2767 morari

154 2788 283 2858 Nil
309 2792 616 2881 patitur,
639 2795 1110 2886 trahiturque
1134 2797 1423 2878 volens·
1411 2798 1723 2889 lai-usq,
1751 2799 2086 2897 triumph
2097 2815 2170 2868 at
2248 2791 2252 2795 ’

152 2892 255 2964 Sit
285 2892 883 2964 CLEMENTINAM
917 2896 1048 2967 fibi
1073 2900 1284 2992 copia
1310 2896 1500 2972 facia
1531 2900 1887 2972 videndi.

247 2994 358 3064 Ite
379 3013 854 3086 parentatum
882 3000 1296 3095 spargentes
1327 3002 1611 3074 fletibus
1645 3026 1726 3073 or
1733 3027 1775 3076 a
2027 3040 2031 3041 ⁷

1217 3105 1274 3174 E
1899 3103 2060 3189 <In-
