2373 3439
999 243 1388 321 (xxvu)

176 372 284 447 Ut
301 367 532 443 taliae
559 385 762 442 tanto
788 370 1238 443 immeritam
1253 393 1373 442 me
1395 370 1658 467 digner
1680 371 1959 447 honore
1982 380 2006 447 ἓ

166 476 347 546 Sunt
370 473 493 546 alii
510 472 860 566 colaphos
877 524 899 553 ,
920 471 1196 566 lapides
1216 525 1236 554 ,
1263 472 1581 548 ludibria
1602 529 1622 557 ‚
1641 479 1914 571 probra
1934 531 1955 560 ‚

164 578 566 650 Torrentes
585 629 606 656 ,
633 577 833 671 ignes
852 629 872 658 ‚
897 575 1314 669 gladiosque
1329 631 1353 660 ,
1372 579 1759 673 crucesque
1776 634 1798 662 ,
1824 582 2188 679 rotasque.

166 679 487 751 Vincula
516 731 534 758 ,
558 677 895 772 supplicii
918 700 1173 772 poenas
1199 731 1219 759 ,
1253 702 1336 751 ac
1363 682 1672 755 vulnera
1695 684 1866 779 paffi
1890 720 1914 767 ς

160 782 268 855 Ut
293 783 423 854 tali
451 783 759 854 tandem
781 780 1204 851 fruerentur
1233 779 1422 853 sorte
1445 786 1640 856 beati
1667 793 1775 874 (1)
1810 841 1826 857 .

160 885 300 958 Ast
326 885 506 977 quid
532 906 664 976 ego
696 882 943 952 mollis
968 898 1174 952 tanto
1200 903 1341 975 pro
1369 906 1669 959 munere
1691 889 1830 960 feci
1861 915 1881 968 2

155 985 361 1074 Quos
383 989 577 1078 ignes
606 1036 625 1063 ‚
647 981 1075 1076 gladiosque
1092 1036 1112 1064 ‚
1135 991 1371 1055 rotas?
1398 1010 1563 1078 quae
1587 989 1896 1062 vulnera
1913 992 2182 1065 mortis

153 1090 297 1160 Pro
325 1082 526 1158 tanta
548 1087 888 1157 mercede
916 1086 1054 1156 tuli
1085 1093 1103 1139 ἓ
1133 1084 1316 1182 Quae
1344 1090 1641 1163 vincula
1674 1092 1979 1184 palmis?

154 1187 299 1259 Vel
323 1211 468 1279 qua
493 1185 970 1281 praepropera
996 1189 1355 1261 maclavit
1384 1211 1624 1264 morte
1647 1196 2050 1288 Tyrannus
2081 1205 2100 1252 ἓ

152 1291 274 1362 Tu
294 1343 315 1371 ‚
344 1295 545 1363 Deus
577 1288 768 1359 alme
792 1292 974 1370 ,mei
997 1288 1306 1363 clemens
1330 1293 1704 1367 miserere:
1727 1301 2083 1389 juvamen

149 1389 711 1482 Subfidiumque
737 1409 949 1462 tuum
969 1392 1209 1463 Sontis
1233 1394 1567 1467 miserere
1591 1400 1906 1490 petentis
1935 1453 1951 1470 .

145 1498 281 1566 Me
300 1494 531 1573 tibi‚&
552 1491 761 1564 hosce
781 1515 1087 1566 meos...
1121 1494 1424 1567 Referat
1446 1500 1584 1569 mic
1610 1497 1885 1594 fingula
1905 1502 2183 1593 quisnz'L

147 1597 504 1670 Carmine
529 1594 647 1663 vel
675 1613 963 1687 repetat
989 1598 1374 1669 morientis
1399 1601 1674 1673 verba?
1709 1605 1844 1673 Sed
1871 1603 1997 1675 illa

144 1699 395 1770 Dicite
422 1718 555 1765 vos
587 1698 839 1768 Patres
859 1750 882 1777 ‚
904 1696 1225 1770 celebres
1254 1723 1389 1771 vos
1416 1703 1642 1774 dicite
1667 1704 2002 1777 Matres:

145 1799 405 1872 Dicite·
423 1819 558 1867 vos
582 1820 832 1868 omnes
852 1850 870 1877 ‚
899 1800 1106 1890 queis
1133 1802 1260 1872 tali
1284 1802 1589 1875 affistere
1614 1809 1840 1879 morti

142 1902 314 1971 Sors
347 1897 491 1969 fuit
509 1951 528 1979 ‚
554 1917 771 1990 atque
796 1902 917 1992 pia
939 1899 1283 1975 claufistis
1308 1903 1581 1997 lumina
1610 1904 1855 2001 palma
1882 1964 1905 1974 -

143 2003 393 2073 Dicite
425 2024 551 2072 vos
579 2001 806 2072 sensus
834 2021 1118 2075 teneros
1150 2058 1168 2084 ,
1193 2029 1457 2098 quaeve
1488 2008 1750 2096 ultima
1779 2013 2008 2084 verba
2032 2066 2053 2097 ,

144 2102 436 2197 Qasve
464 2127 714 2196 preces
744 2106 1066 2177 Domino
1093 2160 1113 2188 ,
1135 2106 1470 2201 supremo
1493 2111 1628 2185 Illa
1648 2115 1860 2199 effidit
1891 2138 2021 2185 ore
2045 2172 2061 2187 .

242 2207 603 2284 Dixerat,
633 2207 699 2274 ἃ
724 2204 970 2277 sensim
999 2213 1245 2301 perdit
1277 2213 1645 2286 moritura
1671 2214 2076 2307 loquelam:

138 2305 337 2378 Cum
366 2305 827 2396 subitojuxtci
844 2314 1223 2383 morientis
1252 2312 1474 2386 strata
1497 2367 1518 2395 ,
1544 2317 1877 2389 volantes

137 2408 357 2477 Mors
379 2461 397 2487 ,
428 2411 493 2476 ὃς
534 2412 773 2478 Amor
791 2410 1024 2499 juncti
1051 2435 1449 2506 properant
1475 2419 1884 2517 pernicibus
1916 2423 2099 2496 alis:

138 2511 387 2580 Ambo
408 2510 822 2602 pharetrati
851 2563 871 2589 ,
892 2513 1153 2600 jaculis
1180 2515 1570 2589 instructus
1594 2538 1943 2614 uterque:

138 2611 403 2681 Altera
431 2635 568 2702 pro
597 2608 843 2703 palma
869 2617 1127 2686 mortis
1152 2623 1527 2693 contendit
1551 2646 1569 2691 z
1593 2624 1662 2693 ὅ(
1683 2623 1872 2696 alter

135 2711 373 2783 Totus
404 2713 540 2786 stat
570 2712 701 2784 tali
725 2711 1009 2787 laturus
1030 2737 1276 2791 morte
1303 2725 1766 2818 triumphurn
1788 2781 1807 2798 .

1161 2825 1236 2894 D
1293 2847 1342 2893 2
1839 2829 2054 2904 Alte-

273 2942 290 2996 (
308 2955 316 2983 ι
333 2946 355 3003 )
400 2940 502 2984 Atii
522 2941 630 2988 verr)
650 2944 860 2990 ludibria
879 2944 940 2995 ὠ
958 2950 1159 2995 verbera
1176 2927 2154 3017 ⁶²me

309 3063 312 3065 Β
372 3023 528 3133 {⁶²23-
562 3008 954 3143 Lapidatisunt,
978 3014 1092 3079 [εέἶὶ
1122 3014 1245 3082 sunt
1265 3050 1280 3078 ,
1315 3021 1366 3068 in
1384 3020 1590 3086 occtssone
1621 3023 1776 3087 gladii
1811 3029 1981 3075 mortui
2000 3022 2146 3091 sunt.

467 3103 475 3123 <
517 3079 666 3127 Hebr.
697 3095 768 3127 11.
