2373 3439
927 216 1440 296 (xxxvu1)

563 334 1812 457 EPITAPHI‘UM.

1163 569 1206 621 Ι.

345 641 414 713 Τ
438 643 750 737 gemitus
781 645 1010 715 corda
1037 648 1366 719 crucient
1392 699 1412 728 ,
1454 649 1626 720 dent
1664 647 1938 719 lumina
1965 644 2177 718 fletus
2206 667 2227 714 τ

398 745 621 816 Urbis
648 799 665 825 ,
688 747 761 815 in
784 746 924 818 hoc
950 749 1238 820 tumulo
1258 802 1276 828 ,
1303 749 1537 842 gloria
1571 768 1843 843 quanta
1875 749 2055 819 latet
2084 752 2095 816 1

191 848 392 918 Saxo
420 870 591 918 cum
610 851 854 940 jaceat
882 852 1055 941 quin
1077 853 1624 923 CLEMENTINA
1669 850 1794 923 sub
1819 852 1946 922 isto
1972 886 1992 931 3

295 946 704 1023 Clauditur
734 952 809 1022 in
836 952 1123 1024 tumulo
1149 953 1290 1024 hoc
1318 952 1546 1025 Urbis
1566 1005 1585 1034 ,
1615 954 1682 1024 ὃ(
1710 955 1936 1027 Orbis
1963 953 2222 1026 honos,

1137 1124 1163 1176 1
1207 1123 1253 1175 1.

188 1197 341 1269 Hic
377 1197 477 1270 est
501 1252 522 1281 ,
557 1223 724 1291 quae
749 1200 971 1272 nituit
994 1203 1372 1272 virtutum
1397 1202 1561 1274 sede
1587 1201 1920 1274 suarum:

292 1302 511 1375 Hanc
535 1304 900 1398 Reginam
929 1303 1260 1396 quisnam
1284 1324 1456 1400 ergo
1485 1303 1687 1377 fuisse
1711 1321 1926 1401 neget
1957 1322 1972 1370 2

1121 1475 1148 1527 1
1193 1476 1219 1528 1
1265 1477 1310 1530 1.

195 1549 490 1625 Vistula
513 1575 633 1627 me
660 1555 909 1646 genuit
936 1556 1216 1625 :tenuit
1241 1577 1356 1626 me
1373 1555 1661 1637 Tibris„
1696 1556 1763 1625 <Sc
1795 1554 1917 1627 iste

298 1654 515 1726 Nunc
539 1672 735 1726 tenet
764 1681 781 1726 :
817 1678 899 1726 en
924 1656 1209 1750 possum
1242 1658 1488 1730 dicere
1509 1709 1531 1737 ‚
1561 1659 1780 1729 Tibri
1811 1659 2028 1730 Pater
2054 1710 2070 1725 .

191 1755 448 1846 Major
475 1773 642 1828 uter
672 1755 896 1830 fuerit
929 1813 947 1840 ,
972 1783 1150 1829 num
1173 1761 1290 1830 vis
1315 1758 1743 1853 cognoscere
1763 1758 2032 1830 Ledor
2057 1762 2082 1827 Ξ·

302 1859 602 1933 Primus
628 1883 746 1933 me
770 1864 988 1935 terris
1017 1863 1252 1934 edidit
1274 1915 1294 1944 ,
1322 1861 1448 1935 iste
1476 1861 1655 1936 Polo
1683 1914 1702 1931 .

973 1980 1000 2008 ι.

1136 2034 1163 2086 1
1209 2035 1279 2087 V.

201 2107 311 2182 En
334 2105 457 2180 hic
480 2108 605 2182 illa
629 2112 821 2202 jacet
854 2163 874 2192 ,
906 2127 1104 2183 totus
1126 2113 1246 2183 cui
1267 2110 1486 2183 viluit
1505 2111 1727 2184 Orbis
1753 2163 1775 2192 ‚

308 2212 603 2284 Femina
623 2237 639 2282 ε
663 2236 853 2284 nunc
880 2231 1123 2285 autem
1143 2217 1401 2309 Regna
1433 2217 1646 2286 beata
1669 2226 1860 2285 tenet
1887 2260 1902 2276 .

201 2314 499 2389 Summe
527 2317 967 2408 prudentem
996 2319 1161 2408 quis
1186 2340 1324 2387 non
1353 2317 1535 2387 hanc
1562 2317 1843 2388 dixerit
1878 2317 1899 2382 ?
1934 2308 2073 2385 Illa

306 2415 648 2509 Namque
674 2417 933 2490 Polum
968 2437 1187 2493 terrae
1215 2419 1549 2514 praetulit
1573 2473 1595 2502 ,
1622 2419 1809 2493 astra
1834 2415 1976 2487 solo
1998 2466 2014 2481 .

1175 2594 1246 2646 v.

207 2665 453 2766 Quam
469 2665 721 2740 Tellus
748 2671 1063 2743 miratur
1095 2672 1336 2742 adhuc
1365 2724 1383 2751 ,
1417 2669 1780 2742 mirantur
1810 2666 1876 2735 ὃ(
1899 2663 2088 2736 astra
2111 2712 2130 2741 ,

303 2770 466 2847 Hic
494 2775 1038 2851 CLEMENTINAE
1066 2774 1344 2869 psalma
1370 2773 1538 2847 stat:
1567 2795 1736 2868 ergo
1761 2769 1958 2842 colas
1986 2822 2001 2838 .

1963 2996 2120 3082 'Re-
