2373 3439
1134 205 1272 283 (L)

192 336 356 408 Non
393 328 520 403 nisi
550 330 774 404 tristis
808 327 953 401 erit
986 380 1004 408 ,
1028 333 1407 403 cumulans
1435 332 1505 402 in
1533 332 1754 404 corde
1779 329 2107 401 dolorem
2133 387 2148 402 .

92 438 255 512 Mel.
284 434 548 530 Mopse
570 457 772 504 erras
794 486 813 513 ,
841 431 1207 525 durusque
1232 437 1411 506 meis
1442 435 1557 507 his
1581 437 1883 507 vocibus
1904 487 1923 515 ,
1943 432 2114 527 ipsis

191 540 478 616 Durior
512 560 583 608 es
608 535 809 608 silvis
837 590 854 616 ‚
884 559 1046 628 quae
1073 535 1316 610 nostro
1350 540 1671 611 carmine
1698 540 1962 610 vivam

190 645 403 717 Hanc
434 642 1027 712 CLEMENTINAM
1074 641 1444 733 quondam
1485 641 1814 714 resonare
1852 639 2213 713 solebant.

189 744 388 840 Qid
416 744 544 813 tibi
570 767 740 815 cum
766 743 1168 837 lacrymis?
1194 743 1377 817 coeli
1401 765 1570 814 nam
1595 743 1877 816 sedibus
1905 742 2073 817 altis

187 847 409 918 Vivit
438 846 681 917 adhuc
701 900 721 927 ,
747 844 983 918 multo
1011 847 1219 918 nobis
1244 845 1538 918 felicior
1562 845 1738 919 Illa:
1763 941 1765 944 .

191 949 561 1043 Corporis
588 950 890 1021 exuviis
917 949 1129 1042 hujus
1154 947 1458 1042 spoliata
1478 1001 1498 1030 ,
1528 972 1880 1021 coronam

187 1051 586 1124 Virtutum
615 1051 866 1123 retulit
894 1105 914 1133 ,
941 1054 1165 1124 tantis
1197 1052 1265 1122 ὅ(
1294 1053 1605 1150 praemia
1634 1049 1843 1124 fastis
1873 1108 1887 1122 .

184 1153 424 1225 Hasce
453 1171 614 1226 tuas
640 1157 885 1248 potius
918 1156 1293 1248 lacrymas
1321 1208 1339 1236 ,
1378 1154 1496 1224 vel
1522 1152 1717 1246 figna
1756 1155 2036 1227 doloris

184 1256 465 1328 Moesta
492 1257 650 1329 haec
679 1310 696 1337 ,
725 1259 950 1349 quam
972 1258 1222 1329 laudes
1262 1255 1625 1346 tantisque
1650 1257 1982 1327 encomia
2007 1253 2220 1326 saitis

183 1361 457 1432 Debita
479 1412 500 1440 ‚
530 1376 739 1452 grata
772 1376 1030 1452 putas?
1063 1361 1185 1430 An
1217 1381 1358 1430 non
1385 1354 1712 1452 plausisse
1736 1358 2137 1451 triumphis

178 1460 425 1554 Ipsam
459 1462 577 1532 vel
608 1463 951 1542 Romam,
972 1459 1293 1556 priscum
1316 1460 1529 1556 super
1550 1482 1761 1534 omne
1788 1463 2219 1554 tropheum,

182 1563 423 1638 Passus
451 1587 524 1636 es
553 1563 700 1657 ipse
731 1617 751 1645 ,
784 1563 964 1634 suis?
993 1565 1381 1656 Numquid
1403 1567 1832 1636 Virtutibus
1865 1568 2014 1656 ejus

184 1667 308 1737 Tu
334 1689 599 1759 parcus
622 1665 850 1737 fueris
867 1720 887 1747 ,
921 1666 1297 1759 laudisque
1325 1668 1653 1740 tenacior
1677 1668 1910 1751 omnis
1936 1701 1955 1746 3

186 1773 397 1843 Dum
418 1771 767 1841 cantabat
794 1769 956 1842 heri
983 1772 1362 1863 Corydon
1391 1823 1409 1850 ‚
1430 1774 1768 1842 cantabat
1794 1769 2104 1842 Alexis?

188 1871 598 1944 Cantemus
625 1871 878 1944 laudes
902 1896 1074 1967 ergo
1094 1925 1114 1953 ,
1141 1890 1522 1944 cantemus
1548 1873 1859 1944 honores
1886 1906 1904 1952 3

185 1974 282 2046 Et
308 1973 855 2046 CLEMENTINAE
885 1980 1139 2047 nbmen
1160 1974 1374 2069 super
1400 1976 1587 2048 astra
1614 1975 1937 2049 feramus
1967 2028 1981 2042 .

84 2079 413 2170 MopAEas
445 2078 1157 2171 loqueris,Meliboee
1184 2079 1553 2149 comesxdo
1573 2079 1896 2150 carmine
1913 2092 2215 2146 cantum

187 2184 447 2275 Atque
475 2182 699 2254 libens
723 2184 942 2255 cedo:
967 2182 1084 2253 sed
1109 2204 1272 2274 quae
1298 2180 1634 2253 sublimia
1659 2177 1868 2252 faclis

188 2285 547 2357 Carmina
573 2287 790 2380 digna
813 2291 960 2377 ejus
986 2306 1323 2381 pangam,
1344 2307 1486 2375 que
1507 2284 1707 2357 clara
1732 2306 1864 2376 per
1888 2298 2212 2355 omnem,

186 2386 451 2461 Altera
471 2391 676 2460 Luna
704 2390 908 2461 velut
929 2389 1303 2483 splendens
1322 2442 1342 2468 ,
1360 2387 1494 2459 sese
1512 2386 1790 2459 extulit
1812 2385 2087 2458 Orbem
2121 2411 2137 2457 ,³

86 2488 259 2562 Mel.
287 2491 550 2584 Mopse
573 2544 591 2571 ,
620 2492 793 2565 licet
827 2494 1101 2564 durum
1123 2546 1144 2574 ‚
1169 2491 1408 2563 laudis
1430 2491 1678 2561 rurale
1701 2505 2044 2559 canamus

189 2591 525 2665 Alternis
556 2616 846 2669 carmen
869 2621 889 2666 τ
912 2617 1207 2666 carmen
1238 2594 1511 2686 pietate
1537 2593 1931 2685 probatur.

187 2692 659 2793 Qamquam
686 2721 828 2770 non
851 2697 1125 2768 fuerint
1147 2695 1243 2767 fic
1268 2694 1787 2767 contemnenda
1816 2747 1834 2774 ‚
1863 2686 2100 2764 Poesis

187 2796 351 2894 Qe
379 2801 1038 2892 tua,Mopse,dabit
1058 2801 1291 2872 :Nam
1327 2798 1506 2870 olim
1533 2799 1633 2869 dii
1653 2795 2214 2874 vivamanebat,

187 2900 433 2997 Ipsam
453 2905 789 2975 cantabat
813 2903 1012 2977 dulci
1039 2921 1162 2977 tua
1185 2901 1425 2975 fistula
1451 2918 1667 2973 cantu
1697 2926 1715 2971 ε
2025 3000 2079 3073 E

2093 3017 2124 3071 t
