2373 3439
1091 207 1473 283 (xxxii)

279 324 447 422 Qo
468 343 594 398 tua
615 350 731 402 me
758 328 1144 424 indignum
1163 333 1402 402 voluit
1430 329 1755 424 dignatio
1783 328 2062 405 summa

277 427 679 502 Ecclesiam
705 455 951 526 regere
978 485 996 512 ‚
1016 432 1083 501 <sc
1108 434 1406 524 Populis
1434 436 1610 504 dare
1629 436 1798 524 jura
1820 456 1949 527 per
1973 436 2249 508 Orbem
2276 448 2302 518 ,'

278 533 530 602 Tanta
563 536 816 607 cienda
834 534 979 606 fuit
996 533 1384 628 tempestas
1409 587 1428 616 ,
1455 554 1672 626 atque
1699 534 1979 608 sonoris

273 635 412 706 Per
440 656 644 706 mare
671 690 690 718 ‚
710 660 843 729 per
871 656 1103 707 terras
1128 638 1495 708 turbanda
1523 640 1820 731 Europa
1840 638 2186 731 procellis
2214 657 2232 704 2

275 735 431 807 Nec
450 736 616 807 satis
637 741 814 810 :heu
838 737 1171 811 miseros!
1197 737 1507 810 adverso
1532 739 1672 809 hoc
1701 758 2039 833 ternpore
2057 742 2298 814 nostrii

275 837 804 909 CLEMENTINA
835 843 1055 912 decus
1080 893 1099 921 ,
1118 843 1362 912 morbi
1385 842 1714 931 tantique
1737 840 2072 916 levamen
2095 897 2116 926 ,

271 938 662 1012 Deceffura
685 940 828 1015 fuit
855 952 871 998 ?
900 945 1104 1015 Pacis
1123 942 1559 1015 bellantibus
1584 943 1727 1013 Iris

273 1037 458 1135 Qae
483 1040 748 1114 fuerit?
779 1048 849 1118 N
857 1046 1355 1142 ostrosjunget
1378 1048 1541 1137 quis
1567 1043 1850 1119 foedere
1870 1048 2109 1141 Reges
2141 1072 2160 1125 ἓ

275 1145 636 1216 Omnibus
657 1164 731 1218 at
761 1147 1050 1239 semper
1075 1150 1365 1242 praestet
1385 1167 1511 1220 tua
1535 1147 1731 1218 resta
1750 1148 2094 1221 voluntas
2121 1204 2143 1232 ,

274 1243 458 1343 Q‘ae
486 1250 795 1321 meliora
822 1250 997 1323 facit
1022 1251 1302 1343 semper
1327 1286 1347 1333 3
1369 1272 1628 1341 quaeve
1649 1251 1939 1342 optima
1970 1248 2299 1347 semper2'

273 1346 439 1419 Post
460 1354 787 1422 tenebras
806 1352 1048 1424 lucem
1075 1354 1331 1423 condit
1352 1405 1372 1433 ,
1394 1352 1771 1442 Solemque
1792 1352 2117 1425 reducit.

377 1452 490 1521 Sic
518 1449 713 1524 fatus
736 1508 756 1535 ,
788 1477 1047 1526 curam
1066 1455 1247 1526 hanc
1267 1456 1596 1527 animum
1622 1451 1916 1527 defixus
1936 1457 2006 1526 in
2032 1480 2250 1529 unam
2274 1511 2293 1539 ‚

269 1553 381 1626 Ut
407 1555 966 1647 CLEMENTINAE
994 1561 1346 1649 exequias
1371 1582 1450 1629 ac
1471 1556 1731 1630 funera
1758 1556 2052 1650 praestet
2070 1612 2090 1641 2

272 1651 607 1747 Regifico
632 1656 826 1744 jussit
851 1659 1252 1753 Templum
1274 1661 1644 1754 splendere
1671 1678 1944 1754 paratu

274 1757 488 1829 AEdis
527 1757 967 1845 Apostolicae
996 1817 1010 1830 .
1060 1763 1382 1833 Funestae
1406 1761 1706 1854 insignia
1726 1785 2020 1854 pompae

272 1858 457 1956 Quis
484 1856 701 1932 fando
722 1858 1000 1934 referat
1027 1871 1042 1917 ἓ
1074 1864 1391 1936 Famulis
1414 1863 1802 1935 astantibus
1821 1863 1948 1934 olli
1964 1914 1986 1944 ,

272 1960 575 2054 Regalis
614 1962 895 2036 vexilla
920 1971 1211 2044 Domus
1247 1967 1668 2040 tollentibus
1692 1965 1838 2037 alte
1865 2017 1887 2046 ,

275 2063 434 2134 Stat
461 2067 704 2137 medio
731 2067 1032 2161 Templi
1057 2070 1428 2141 Tumulus
1456 2094 1471 2139 :
1505 2067 1908 2159 feretrique
1941 2066 2195 2139 decori

274 2166 567 2237 Eminet
594 2166 741 2239 alta
766 2171 982 2241 nimis
1005 2224 1026 2250 ‚
1051 2171 1213 2243 celsi
1231 2171 1352 2243 sub
1385 2169 1660 2242 fornice
1678 2168 2023 2265 Templi,

276 2269 633 2340 Machina
654 2321 672 2349 ,
704 2292 920 2361 quam
951 2272 1081 2344 lati
1106 2273 1377 2344 vexilli
1402 2296 1679 2366 pompa
1700 2289 2002 2344 coronat
2029 2327 2044 2341 .

273 2369 521 2441 Millia
550 2374 999 2446 circumdant
1025 2375 1418 2457 feretrum5
1449 2374 1721 2470 Regale
1747 2377 2071 2446 cadaver

271 2471 525 2542 Millia
548 2474 1009 2570 conflagrant
1033 2480 1364 2550 ardentia
1394 2478 1671 2548 lumina
1695 2478 1980 2547 circum
2013 2525 2034 2554 ,

270 2572 488 2643 Mille
521 2573 707 2646 faces
739 2581 1002 2652 ardent
1028 2635 1047 2662 ‚
1072 2584 1443 2653 taedarum
1468 2579 1701 2649 millia
1731 2575 2017 2648 fumant
2039 2631 2055 2646 .

271 2676 610 2748 Extenl‘ae
636 2682 859 2771 nigrae
885 2684 1318 2775 chlamydes
1340 2682 1376 2752 a
1409 2683 1771 2753 moenibus
1798 2680 1965 2750 altis

272 2778 596 2849 Pendent
618 2832 636 2858 ,
664 2799 884 2875 atque
911 2787 1139 2879 nigris
1165 2784 1639 2881 squallescunt
1673 2784 1948 2855 moenia
1972 2778 2184 2851 vittis
2211 2831 2226 2847 .

271 2879 468 2977 Qid
498 2880 811 2959 referam
838 2891 1046 2961 varia
1074 2889 1245 2969 hac,
1269 2886 1432 2961 illac
1456 2887 1845 2982 pendentia
1871 2885 2109 3059 τηηῑὲεΙ

2117 3006 2190 3054 0-
