2373 3439
1103 236 1405 314 (xxx)

233 357 518 451 Ergone
540 358 862 453 belligeri
884 359 1092 453 super
1116 359 1528 433 infortunia
1549 361 1824 436 Martis
1849 414 1871 445 ,

237 459 402 555 Qo
432 460 669 532 nostra
694 461 911 535 Italia
944 462 1233 534 accensa
1261 463 1357 534 est
1381 516 1402 543 ,
1428 466 1867 560 Europaque
1896 461 2205 563 flagrat,

237 561 501 635 Defuit
527 565 645 632 hic
671 565 868 635 casus
900 567 1202 636 ?Tantis
1231 571 1677 640 moeroribus
1715 594 1784 642 er
1798 594 1888 664 go

241 666 389 735 Hic
424 665 1020 758 superaddendus
1047 667 1284 739 fuerat
1302 708 1325 748 ,-
1345 672 1627 763 Regina
1648 672 1983 744 levamen
2006 724 2027 753 ‚

236 769 503 838 Totius
535 769 758 840 Urbis
791 773 1036 840 Amor
1059 823 1080 851 ,
1112 771 1336 842 nostri
1363 770 1614 843 solatia
1648 774 1885 845 ludius
1915 827 1935 854 ,

237 869 343 940 Ut
369 892 657 961 quoque
681 867 1031 943 deficeret
1058 880 1076 926 ἓ
1104 872 1276 963 Spes
1303 874 1401 943 oh
1433 875 1657 965 quam
1681 876 1932 947 reddis
1967 875 2215 944 inanes

229 972 783 1051 Mors,hominfi
810 976 820 1042 ἕ
848 972 1165 1067 Fragiles
1193 976 1529 1057 nimium,
1550 979 1943 1070 nimiumq3
1971 975 2264 1071 fugaces

236 1075 384 1144 Res
411 1076 453 1142 o
483 1093 808 1146 terrenas
834 1128 854 1156 ‚
889 1073 1160 1146 ssmiles
1186 1076 1590 1150 labentibus
1618 1081 1834 1150 undis
1862 1084 1874 1148 !

235 1176 404 1246 Heu
424 1176 575 1268 spes
602 1174 985 1249 frustratas
1008 1178 1282 1250 nostras
1317 1184 1329 1248 ἕ
1368 1184 1591 1263 2222:
1624 1181 1764 1252 heu
1790 1182 2005 1252 irrita
2040 1196 2221 1250 vota
2252 1184 2263 1249 !

235 1274 435 1374 Qoid
461 1278 720 1349 nostrae
748 1279 1045 1351 valuere
1078 1303 1331 1372 preces
1365 1287 1381 1333 ἓ
1417 1282 1820 1353 Contraria
1847 1282 2107 1353 nostris

237 1377 418 1449 Pata
441 1382 640 1450 bonis
669 1384 681 1448 ἔ
706 1382 850 1451 heu
876 1383 1062 1452 tanti
1090 1382 1384 1454 auCtrix
1407 1384 1624 1454 Mors
1651 1383 1986 1476 improba
2016 1383 2218 1455 casus
2248 1386 2264 1451 ἕ

230 1481 419 1552 Haec
453 1503 630 1552 num
653 1479 800 1552 sors
826 1484 1037 1554 rebus
1072 1481 1376 1556 summis
1406 1538 1424 1565 ,
1460 1504 1540 1556 ut
1565 1485 1844 1558 summa
1875 1489 2175 1577 repente

234 1582 442 1654 Caesa
470 1585 732 1654 cadant
759 1585 1056 1655 ?Terris
1089 1586 1377 1677 vixque
1401 1588 1870 1660 ostendantur
1888 1640 1908 1668 ,
1930 1588 1995 1658 ἃ
2020 1588 2216 1662 ultra

232 1684 407 1755 Fata
435 1686 630 1755 haud
657 1685 787 1756 esse
807 1684 1074 1757 fiuant:
1103 1689 1280 1758 dum
1306 1712 1436 1760 nec
1470 1691 1877 1763 virtutibus
1896 1688 2072 1782 ipsis

232 1786 575 1858 Parcitur
596 1831 622 1862 2
655 1787 720 1857 ἃ
740 1791 1103 1881 quidquid
1139 1793 1413 1882 reperit
1432 1794 1651 1863 Mors
1687 1794 1942 1862 invida
1964 1791 2157 1863 tollit
2188 1799 2206 1850 ἓ

336 1889 693 1961 Cominus
721 1890 889 1963 hinc
923 1893 1046 1963 alii
1072 1891 1334 1963 melius
1365 1945 1384 1973 ,
1422 1916 1563 1964 non
1596 1894 1787 1968 astra
1808 1911 2258 1987 queruntur,

233 1990 407 2061 Fata
432 2015 560 2064 nec
589 1983 1131 2086 improperant:
1154 1994 1413 2066 humili
1439 1994 1555 2066 sed
1586 1997 2135 2088 voceloquntur
2165 2050 2180 2065 .

236 2094 594 2165 Omnibus
632 2096 668 2164 a
690 2098 1012 2166 Domino
1047 2096 1197 2168 sors
1223 2098 1378 2170 haec
1401 2097 1499 2168 est
1523 2100 1754 2171 indita
1780 2102 1991 2170 rebus
2011 2149 2031 2176 ,

236 2194 562 2289 Qaeque
592 2198 710 2268 sua
735 2215 816 2267 ut
841 2196 1202 2290 sphaeram
1229 2204 1884 2294 teneat,tandemq;
1912 2198 2252 2290 quiescat.

239 2294 436 2390 Quid
462 2299 675 2394 super
702 2301 1092 2371 humanam
1115 2301 1428 2392 speciem
1447 2319 1883 2396 terrenaque
1906 2300 2160 2373 cund‘ta
2184 2343 2206 2377 ³

236 2400 489 2489 Atque
514 2401 807 2474 haustus
840 2405 1143 2493 quidam
1170 2402 1454 2494 liquido
1483 2406 1827 2479 Coelestis
1855 2409 1924 2476 in
1955 2406 2151 2474 Orbe

239 2499 771 2573 CLEMENTmA
802 2503 945 2577 fuit
980 2507 1201 2576 tantis
1229 2508 1629 2578 virtutibus
1662 2542 1682 2587 ;
1711 2530 1889 2600 ergo

233 2599 510 2673 Debuit
535 2603 723 2675 astra
749 2607 987 2699 sequi,
1016 2608 1436 2696 Divinaque
1467 2609 1712 2700 Regna
1751 2627 1992 2678 tenere
2033 2660 2048 2675 .

233 2700 459 2774 Haud
492 2707 832 2793 equidem
864 2728 1066 2782 tanto
1093 2707 1393 2780 Coelesti
1419 2710 1553 2779 hoc
1579 2733 1879 2781 munere
1907 2705 2158 2780 Tellus
2180 2757 2201 2785 ,

236 2807 492 2893 Atque
525 2808 853 2882 homines
879 2813 1079 2904 digni
1101 2807 1389 2881 fuerant
1423 2836 1440 2881 ε
1480 2812 1681 2883 Hinc
1707 2814 1892 2883 astra
1931 2810 2243 2903 petivit.

333 2906 422 2976 Id
447 2908 752 2985 minime
780 2931 1020 2985 tamen
1047 2913 1404 2986 exhaurit
1425 2966 1447 2996 ,
1474 2915 1651 3006 quin
1679 2915 1828 2988 imo
1859 2914 2190 2985 dolorem

1985 3019 2147 3087 Au-
