2373 3439
939 280 1310 357 (xxxv)

114 410 331 486 Vade
354 462 374 491 ,
403 403 947 502 triumphalem
968 408 1146 480 Cocli
1174 405 1389 501 super
1418 401 1606 476 astra
1626 416 1991 477 Coronam

110 517 395 607 Accipe
419 556 445 589 ‚
470 513 536 584 ὅ(
559 508 887 583 AEternis
912 511 1139 584 niteat
1164 528 1291 582 tua
1315 505 1550 603 gloria
1583 507 1856 601 Regnis
1881 559 1900 578 .

107 619 279 691 Hoc
303 617 436 686 tibi
458 612 768 708 vestigal
790 611 1144 707 persolvit
1168 616 1409 686 Roma
1435 610 1711 683 doloris
1736 644 1757 691 3

107 721 272 792 Hos
298 718 430 788 tibi
458 741 627 788 cum
644 717 1006 810 lacrymis
1030 719 1415 787 CLEMENS
1433 715 1773 785 madavit
1798 712 2135 786 honores·

108 822 309 893 Nam
336 819 801 913 persolvendi
829 815 1150 888 existunt
1176 816 1333 885 haec
1361 866 1381 893 ,
1410 817 1632 886 arrha
1657 816 2060 911 triumphi,

111 921 355 1015 Quem
380 923 511 992 tibi
536 919 919 1011 descriptae
953 917 1387 990 Sanctorum
1414 918 1557 987 rite
1584 918 1811 990 beatis

109 1024 333 1095 Fastis
356 1075 375 1102 ,
401 1044 541 1092 non
570 1022 738 1091 hinc
768 1020 925 1113 post
951 1018 1190 1090 multi>
1213 1023 1439 1112 Caput
1461 1018 1683 1090 Urbis
1706 1072 1725 1100 ,
1752 1019 1819 1088 ἃ
1839 1021 2062 1092 Orbis

107 1126 446 1198 Reddet:
475 1144 752 1216 perque
778 1145 1031 1193 omnes
1059 1122 1195 1192 ibit
1222 1138 1343 1193 tua
1376 1121 1613 1214 gloria
1645 1139 1891 1215 gentes
1920 1176 1934 1190 .

116 1233 365 1297 Cetera
395 1227 572 1316 quid
600 1222 835 1296 referii
866 1225 1151 1295 ἓΝειιὟέ
1174 1224 1354 1315 quid
1381 1221 1693 1317 singula?
1728 1224 2136 1318 numquam

111 1329 470 1399 Funebres
495 1324 764 1397 similes
790 1325 986 1397 vidit
1012 1327 1339 1398 Libitina
1363 1326 1789 1419 triumphos
1816 1376 1831 1395 .

110 1429 505 1528 Qismihi
525 1426 850 1500 Mausoli
885 1426 1112 1500 fadias
1135 1450 1272 1522 pro
1297 1424 1553 1498 funere
1575 1449 1890 1520 pompas

110 1532 325 1605 Nunc
357 1529 624 1602 referat
653 1534 671 1580 ἓ
707 1531 988 1601 Taceat
1016 1530 1134 1601 vel
1167 1529 1379 1601 tellus
1408 1530 1646 1600 thuris
1675 1529 2054 1602 abundans

109 1633 275 1727 Ipsa
299 1631 503 1703 suum
528 1656 814 1704 rnorem
839 1631 1158 1704 ducendi
1184 1631 1479 1711 funera3
1518 1632 1865 1724 quamvis

114 1733 499 1829 Quidquid
526 1732 906 1805 thuriferis
938 1733 1168 1827 spirat
1192 1734 1556 1825 Panchaja
1582 1732 1786 1805 silvis
1806 1786 1826 1813 ,

114 1836 496 1932 Quidquid
523 1838 875 1908 odoratus
901 1834 1112 1929 longe
1136 1835 1509 1908 blanditur
1534 1835 1932 1930 Hydaspes
1953 1887 1973 1916 ,

113 1936 499 2034 Qudquid
527 1942 614 2010 ab
640 1939 1000 2010 extremis
1029 1939 1176 2010 ales
1203 1940 1537 2031 longaeva
1555 1941 1824 2011 Sabaeis

119 2040 436 2134 Colligit
458 2094 477 2122 ,
506 2042 783 2113 Herois
808 2040 1005 2111 letho
1035 2042 1191 2114 haec
1218 2042 1530 2113 insumat
1557 2043 1627 2112 in
1655 2065 1794 2112 uno
1821 2076 1841 2123 ς

121 2142 554 2233 Corpusque
588 2143 976 2215 Exanimis
998 2146 1380 2217 nabathaeo
1406 2144 1745 2216 involvat
1773 2145 1997 2214 odore
2022 2197 2044 2222 ‚

114 2243 343 2332 Inque
367 2266 630 2336 rogum
657 2246 836 2317 busti
868 2269 1334 2339 gemmarum
1369 2248 1697 2340 pondera
1725 2244 1986 2317 fundat
2009 2301 2024 2316 .

117 2346 262 2416 Pro
291 2347 819 2415 CLEMENTINA
853 2347 1009 2419 visa
1035 2349 1131 2419 est
1159 2349 1223 2419 se
1252 2351 1546 2419 vincere
1582 2351 1822 2420 Roma
1844 2400 1864 2429 ,

115 2442 751 2537 Magnificumque
785 2471 1079 2519 omnem
1107 2450 1516 2521 celebrandi
1562 2448 1818 2521 funera
1855 2473 2146 2523 morem

114 2548 431 2617 Vincere
458 2581 476 2625 ,-
504 2552 922 2638 praeteritos
949 2555 1124 2644 quin
1148 2554 1437 2624 vincere
1476 2553 1726 2645 quosq,
1755 2554 2140 2643 trisiphos:

114 2649 359 2719 Tanta
383 2646 523 2718 fuit
557 2670 849 2743 pompae
875 2652 1142 2746 species
1164 2709 1183 2736 ,
1217 2662 1596 2747 majorque
1623 2658 1871 2727 videri

119 2749 205 2819 Se
231 2749 466 2820 voluit
495 2803 511 2830 ,
534 2751 884 2843 plaudens
911 2755 1198 2851 septeno
1230 2758 1413 2829 colle
1438 2759 1818 2853 triumpho
1852 2813 1867 2828 .

118 2850 552 2940 Numquam
586 2853 880 2928 laetitias
903 2861 1101 2952 cepit
1125 2858 1221 2930 fic
1245 2860 1500 2932 moesta
1525 2896 1544 2942 3
1580 2883 1703 2931 nec
1729 2861 2050 2952 unquam

122 2951 332 3026 Laeta
357 2952 605 3024 dolens
637 2959 823 3030 tristi
837 2965 1090 3054 junxit
1116 2961 1237 3032 sua
1262 2964 1525 3054 gaudia
1551 2963 1751 3036 luCtu
1780 3016 1795 3032 .

1136 3064 1195 3136 E
1250 3084 1299 3133 2.
1836 3062 2042 3137 Sum-
