2373 3439
944 229 1278 307 (xvn)

92 357 456 455 Reginam
478 354 725 430 induci
757 354 1050 449 Superis
1075 394 1094 439 3
1144 359 1208 429 ἃ
1235 356 1540 434 reddere
1565 357 1774 436 factis

95 464 422 535 Proemia
447 465 661 555 digna
681 459 823 532 suis
850 485 865 529 :
889 463 1123 532 morbi
1150 462 1267 532 vis
1292 462 1548 536 crescit
1577 517 1594 546 ,
1620 468 1687 537 ἃ
1712 469 1941 544 ardor

97 565 341 658 Usque
366 567 550 637 adeo
576 562 798 635 febris
832 587 961 635 cor
993 563 1219 636 molle
1252 566 1597 639 intenfius
1625 572 1816 653 urit;

91 669 410 761 Spiritus
439 666 700 740 inferri
728 686 807 738 ut
832 667 1129 737 tandem
1150 666 1237 738 fit
1258 673 1656 759 proximus
1683 674 1890 749 astris
1937 732 1951 747 .

191 770 375 859 Quis
408 773 543 842 tibi
575 791 746 842 tunc
775 769 1011 840 sensus
1041 773 1370 841 cernenti
1395 774 1569 845 talia
1600 827 1621 856 ‚
1662 776 1828 849 celsi

87 872 488 968 Aligerum
515 877 640 966 pia
676 874 892 942 turba
919 869 1075 942 Poli
1106 875 1127 939 ἓ
1166 871 1350 972 Qae
1377 877 1646 967 gaudia
1676 886 1953 968 menti,

88 974 233 1046 Vel
262 1000 424 1069 quae
460 974 828 1045 tristities?
879 974 1179 1066 Superi,
1214 998 1353 1048 vos
1379 980 1603 1050 dicite
1626 1004 1642 1048 :
1669 985 1908 1072 qualis

82 1077 331 1172 Pugna
363 1076 841 1150 voluntatum
870 1128 889 1156 ,
911 1075 1143 1148 studia
1178 1081 1251 1149 in
1282 1083 1653 1153 contraria
1682 1136 1702 1164 ‚
1736 1089 1924 1161 Coeli
1959 1096 1976 1142 ἓ

185 1182 438 1251 Prima
462 1180 581 1250 hic
611 1198 773 1250 ante
797 1183 1289 1262 ornnes,cordi
1309 1186 1428 1255 cui
1448 1189 1782 1260 maxima
1802 1214 1978 1267 cura
1999 1197 2123 1280 est,

81 1279 372 1353 Sistitur
400 1282 594 1355 alma
627 1283 836 1354 fides
859 1287 1183 1356 Domino
1207 1339 1227 1367 ,
1251 1284 1494 1379 sicque
1518 1289 1937 1386 orsa-peror
1951 1318 2024 1374 at
2045 1327 2063 1372 ε

77 1383 276 1476 Ergo
306 1409 392 1457 ne
420 1405 567 1457 tam
598 1385 817 1456 celeri
847 1385 1056 1458 cursu
1082 1441 1100 1468 ,
1128 1387 1557 1463 florentibus
1590 1398 1797 1467 annis
1826 1452 1847 1481 ,

73 1484 479 1581 Religionis
509 1490 738 1560 honos
769 1542 786 1568 ‚
818 1491 1264 1583 virtutisque
1289 1496 1523 1566 omnis
1556 1498 1811 1592 Imago
1846 1555 1867 1583 ,

75 1587 603 1657 CLEMENHNA
635 1593 1342 1687 mori3jamjamque
1367 1596 1464 1669 est
1493 1602 1845 1693 proxima
1875 1603 2028 1680 fato
2049 1662 2069 1692 ,

59 1688 256 1778 Juffa
278 1739 296 1766 ,
317 1689 534 1758 Pater
567 1707 586 1753 2
632 1695 872 1763 Tanta
901 1697 1058 1768 haec
1086 1699 1316 1790 igitur
1335 1717 1487 1772 tam
1515 1704 1852 1795 protinus
1883 1709 2118 1785 altrix

72 1792 454 1862 Occiderit
487 1794 765 1887 Regina
789 1799 936 1868 mei
967 1805 984 1850 ἓ
1014 1799 1598 1895 Qampluribus
1631 1829 1808 1902 ergo

70 1892 419 1963 Sontibus
448 1946 464 1972 ,
488 1912 709 1988 atque
740 1901 919 1972 Reis
955 1900 1232 1974 infandi
1262 1908 1590 1987 criminis
1612 1963 1631 1992 ,
1672 1911 1738 1981 ἃ
1763 1915 1892 2005 qui

72 1994 469 2066 Indecores
499 1996 767 2071 vivunt
793 2025 1021 2077 annos
1055 2030 1187 2099 per
1214 2005 1414 2081 furta
1440 2013 1912 2108 rapinasque,

67 2095 296 2166 Ultro
323 2099 480 2170 vita
515 2103 774 2186 datur3
804 2107 1150 2202 vitiisque
1175 2112 1510 2207 annisque
1541 2114 1951 2195 senescunt?

66 2198 257 2269 Haec
279 2219 526 2272 autern
549 2257 565 2282 ,
587 2208 759 2297 quia
784 2206 935 2281 fida
959 2214 1194 2295 mihi,
1225 2218 1576 2311 coeloque
1599 2272 1618 2300 ,
1647 2223 1926 2314 tibique
1947 2262 1970 2308 3

61 2299 419 2392 Replevit
452 2306 786 2395 pulchris
821 2329 1064 2385 totum
1084 2318 1493 2393 virtutibus
1520 2325 1801 2394 Orbem
1830 2360 1852 2407 ,-

61 2404 320 2475 Aurea
330 2408 487 2495 jam
516 2410 763 2481 rursus
794 2415 1050 2487 retulit
1079 2441 1242 2509 quae
1271 2423 1530 2495 saecula
1555 2427 1820 2498 terris:

57 2503 220 2574 Ιᾶιι
247 2510 678 2600 intempesto
703 2520 1010 2599 mortis,
1032 2521 1463 2597 melioribus
1491 2532 1699 2601 annis
1721 2583 1740 2612 ‚

57 2605 389 2680 Vifflma
414 2609 601 2682 fasta
625 2617 1328 2718 cadet,viduarnque
1353 2629 1733 2723 reliquerit
1768 2633 2044 2715 Urbem
2073 2650 2095 2714 ?

58 2703 258 2799 Quid
275 2714 489 2799 juvat
507 2721 802 2810 egregio
830 2722 1088 2817 Regno
1120 2779 1140 2808 ,
1167 2731 1485 2824 Soliique
1513 2734 1800 2811 coron}

56 2807 476 2886 posthabita
505 2869 526 2898 ‚
551 2821 844 2893 coluiffe
877 2826 1125 2900 Fidem
1154 2851 1171 2897 ?
1214 2832 1413 2934 Q‘id
1443 2840 1760 2912 candida
1779 2866 1989 2936 purae

53 2910 471 2988 Mundities
498 2923 677 2998 vitae
697 2928 989 3019 prodest
1014 2985 1038 3017 ,
1064 2932 1131 3003 δε
1162 2941 1497 3015 maxima
1521 2946 1767 3018 virtus
1795 2960 1814 3008 ἓ

1078 3037 1152 3110 C
1816 3055 1935 3128 An
1956 3106 1983 3135 ,-
