2373 3439
1046 213 1415 290 (xxxx)

230 333 539 409 Exultat
564 335 889 417 coelum,
921 336 1302 434 Seraphim
1330 337 1593 412 cohors
1619 336 1789 412 laeta
1814 339 2260 439 triumphat,

334 439 506 511 Tali
534 442 929 534 gaudentes
953 437 1248 511 funere:
1281 443 1549 536 Tuque
1575 445 1849 538 gemis
1836 456 1855 503 ἓ

229 541 395 614 CLE
407 556 772 610 MENTINA
801 543 926 613 diu
945 542 1193 624 Coelo,
1219 540 1646 618 florentibus
1675 547 1879 620 annis
1910 601 1931 632 ‚

326 644 893 714 Ematuruerat:
924 644 1175 715 debuit
1199 668 1372 739 ergo
1397 646 1542 741 legi
1568 700 1584 717 .

225 743 311 812 In
338 749 555 816 terris
580 746 786 815 vixit
810 744 1092 838 semper
1112 770 1274 839 quae
1304 748 1649 843 pauperis
1669 751 1938 823 instar:

321 849 636 918 Divitiis
662 846 842 938 Coeli
874 878 875 881 ¹
903 848 1154 920 debuit
1180 873 1355 944 ergo
1379 850 1531 921 frui
1555 907 1568 921 .

222 947 423 1019 Huic
449 951 733 1021 obitum
761 948 1073 1022 similem
1099 999 1120 1030 ,
1142 970 1459 1024 mortem
1483 955 1573 1025 ne
1601 952 1888 1026 dixeris
1910 954 2040 1028 esse
2071 981 2089 1026 ε

319 1053 535 1122 Mors
559 1053 715 1124 haec
736 1105 755 1132 ,
785 1055 1068 1125 Divino
1089 1077 1427 1137 munere,
1454 1059 1615 1129 vita
1649 1078 1839 1127 nova
1873 1058 1971 1129 est
2001 1115 2017 1126 .

227 1151 763 1224 CLEMENTINA
790 1155 965 1227 Polo
994 1157 1252 1228 vivens
1275 1161 1433 1248 jam
1458 1175 1759 1229 mortua
1791 1179 1933 1228 non
1963 1163 2056 1231 est
2086 1191 2108 1237 3

329 1254 631 1327 Coelesti
663 1255 1008 1351 effulgens
1043 1259 1314 1330 lumine
1333 1261 1529 1330 vivit
1553 1259 1794 1331 adhuc
1821 1307 1836 1323 .

219 1356 628 1448 Religionis
660 1359 891 1429 honos
912 1363 1092 1432 Nati
1126 1383 1295 1431 cum
1325 1364 1538 1434 Patre
1571 1358 1989 1454 supersunt:

323 1460 430 1529 Hi
456 1461 585 1528 tibi
604 1459 1010 1552 splendoris
1030 1461 1192 1534 sunt
1220 1463 1426 1536 satis:
1455 1487 1625 1558 ergo
1660 1461 1784 1533 file
1811 1518 1827 1534 .

223 1559 415 1653 Quin
450 1562 583 1631 tibi
609 1561 986 1634 Natorum
1018 1563 1070 1634 fi
1093 1568 1305 1638 cordi
1325 1567 1420 1638 est
1454 1569 1790 1637 maxima
1819 1588 2034 1647 cura3

326 1662 505 1733 Siste
540 1715 560 1742 ,
580 1664 806 1737 Soror
832 1718 850 1745 ,
877 1665 1254 1759 lacrymas
1280 1669 1481 1739 illico
1511 1721 1530 1749 ,
1558 1668 1715 1740 fiste
1737 1684 1939 1736 tuas,

223 1765 755 1837 CLEMENTINA
792 1792 1051 1861 rogans
1079 1770 1364 1842 coelesti
1386 1771 1706 1840 Numine
1731 1768 1980 1838 coram
2001 1821 2021 1849 ,

320 1867 419 1937 Iis
448 1865 647 1939 firmi
673 1868 887 1943 faciet
917 1924 935 1951 ,
956 1869 1042 1941 fit
1067 1871 1406 1943 diadema
1436 1872 1722 1943 throni:

220 1966 475 2059 thue
499 1968 686 2040 feros
720 1975 1052 2063 quatiant
1080 1976 1200 2065 pia
1229 1973 1521 2046 Caesaris
1552 1997 1764 2048 arma
1782 1979 2109 2069 Paganos
2135 2011 2149 2056 ;

325 2073 420 2141 Et
446 2073 727 2165 palmas
748 2077 945 2147 visto
976 2075 1203 2146 Caesar
1239 2078 1326 2146 ab
1353 2076 1551 2146 hoste
1585 2074 1806 2147 ferat.

219 2172 433 2243 Tunc
453 2174 660 2255 Tibi,
696 2177 1084 2247 consistunt
1111 2180 1231 2247 ubi
1263 2199 1446 2246 nunc
1481 2177 1807 2250 Delubra
1831 2179 2240 2274 prophana,

324 2277 640 2370 Templa
663 2281 1012 2358 aderunt3
1047 2281 1365 2351 Domino
1398 2280 1696 2370 thuraq3
1726 2280 1921 2352 sacra
1943 2282 2236 2350 dabunt.

219 2376 312 2450 Et
334 2378 756 2469 thymiama
784 2384 912 2452 tibi
934 2381 1263 2451 redolens
1283 2403 1412 2472 per
1439 2383 1751 2475 Templa
1783 2402 2188 2454 cremantes
2216 2436 2236 2464 ,

323 2482 653 2551 Nubibus
681 2483 1075 2553 obvolvent
1099 2538 1115 2563 ,
1149 2482 1616 2573 infici-eritque
1643 2487 1834 2555 diem
1862 2521 1886 2537 ·

222 2581 398 2652 Sunt
433 2584 541 2652 11ae
551 2608 584 2650 c
620 2589 800 2655 Divi
788 2610 845 2655 1
859 2612 914 2656 a„
945 2587 1117 2671 (nes
1112 2588 1211 2655 cis
1245 2610 1262 2658 ,ν
1295 2588 1319 2667 )
1351 2582 1647 2653 macula
1666 2604 1967 2663 mentis

365 2686 574 2754 =mod
585 2711 624 2754 o
652 2691 930 2825 concipi
931 2712 1013 2757 es
1035 2711 1076 2779 g
1084 2688 1337 2756 ludia:
1366 2685 1537 2755 tolle
1556 2687 1872 2757 animos.

220 2787 523 2856 Ammo
553 2788 944 2905 conspicies
971 2788 1324 2879 Aquilas,
1355 2788 1552 2858 coelo
1594 2770 1869 2880 aspice,
1909 2789 2048 2859 toti

323 2892 465 2982 Ab
446 2913 550 2960 eo
563 2894 726 2980 iura
754 2893 940 2963 mari
966 2912 1270 2983 ponere:
1299 2889 1471 2962 tolle
1510 2908 1771 2982 caput.
1996 2988 2059 3079 s

1930 2997 2011 3063 Vi
2035 3004 2132 3059 m·
