2373 3439
1116 252 1144 329 (
1162 255 1248 309 L1
1274 254 1301 329 )

252 382 348 454 Et
372 379 556 466 dum
585 378 923 449 cantabas
956 383 982 465 (
1009 400 1180 449 nam
1208 396 1286 449 tu
1320 392 1614 449 cantare
1642 376 1925 471 peritus

249 483 489 558 Dulce
522 482 866 572 equidem
899 480 1186 552 resonas
1206 516 1226 562 ‚-
1260 503 1387 551 nec
1415 497 1486 550 te
1511 481 1971 572 Tymbraeus
2010 478 2289 572 Apollo

252 586 416 657 Post
445 605 895 675 quemquam
924 582 1215 677 posuit)
1253 599 1492 675 raptae
1525 581 1910 653 dulcedine
1942 599 2198 653 cantus

252 690 575 759 Naiades
608 739 626 766 ,
658 685 1152 778 Dryadesque
1178 707 1426 756 omnes
1456 685 1714 756 audire
1748 682 2102 755 solebant.

250 793 420 862 Non
445 789 712 860 humili
744 786 1037 880 surgant
1068 788 1298 878 igitur
1327 788 1458 856 tibi
1484 789 1816 859 carmina
1850 805 2065 859 cantu
2087 822 2110 869 3

256 895 510 985 Atque
539 891 740 962 infles
765 890 1058 959 doctam
1081 940 1098 967 ,
1119 886 1324 958 solito
1348 889 1436 958 de
1458 909 1666 960 more
1688 942 1706 969 ,
1727 892 2046 960 cicutam
2075 945 2090 960 .

150 997 901 1086 Mop.CLEMENT1NA
925 1044 945 1072 ‚
973 993 1116 1062 tuis
1134 991 1505 1082 quodnam
1530 991 1774 1062 rurale
1806 991 2168 1084 supremis

254 1099 396 1168 Par
423 1095 699 1167 metitis
727 1116 1019 1165 carmen
1048 1092 1310 1164 fuerit?
1350 1090 1535 1189 Qae
1569 1090 1809 1166 fistula
1839 1111 2064 1166 cantu

256 1201 362 1269 Sit
385 1199 579 1290 potis
610 1198 920 1267 eximias
951 1196 1204 1268 laudes
1237 1218 1532 1288 aequare
1564 1197 1885 1266 canendo
1916 1199 1935 1251 ἓ

252 1301 408 1370 Nos
437 1317 677 1369 tamen
697 1298 859 1387 hee,
881 1320 1279 1389 quocumq,
1305 1299 1696 1378 modo‚tibi
1718 1297 1956 1369 nostra
1977 1298 2283 1372 viciffim

255 1402 613 1473 Carmina
637 1401 971 1471 dicemus
996 1402 1298 1472 comites
1326 1451 1341 1468 .
1378 1399 1752 1471 Silvestria
1782 1402 2125 1491 quamvis

253 1504 540 1594 Excipe
566 1503 856 1575 devotae
893 1502 1343 1574 modulantis
1369 1502 1698 1573 carmina
1722 1501 1941 1574 musae
1971 1527 1989 1572 ε

251 1606 346 1676 Et
380 1607 506 1696 qui
532 1627 770 1698 parva
796 1603 1038 1676 ferunt
1060 1648 1084 1680 2
1109 1604 1339 1674 noscis
1363 1655 1380 1683 ,
1406 1603 1712 1675 meliora
1739 1605 2048 1675 daturos

259 1709 328 1778 Si
352 1705 665 1800 poffent‚·
694 1707 1114 1799 serrentque
1142 1725 1350 1777 tuum
1371 1705 1586 1801 super
1610 1707 1886 1779 aethera
1917 1728 2176 1777 nomen
2207 1759 2223 1775 .

151 1806 319 1881 Mel.
355 1812 419 1882 O
450 1810 631 1880 mihi
661 1828 816 1881 tam
848 1809 1088 1904 longae
1135 1827 1420 1880 maneat
1454 1831 1623 1902 pars
1655 1807 1918 1880 ultima
1950 1810 2130 1880 vitae
2156 1859 2178 1890 ,

255 1912 572 2004 Spiritus
609 1912 675 1982 ὅ(
700 1964 719 1991 ,
747 1930 1103 2003 quantum
1130 1910 1232 1982 sat
1257 1915 1548 2008 erit0tua
1572 1911 1813 1983 dicere
1845 1909 2072 1982 faeta!

256 2016 627 2106 Optabam
656 2068 674 2096 ‚
697 2016 979 2086 dudum
1008 2013 1140 2086 est:
1169 2016 1233 2085 O
1253 2012 1306 2083 fi
1330 2014 1517 2086 mihi
1542 2015 1827 2084 venerit
1854 2010 2209 2105 umquam

253 2114 387 2185 Illa
419 2118 573 2188 dies
602 2171 622 2198 ‚
643 2118 826 2188 mihi
857 2140 1026 2188 curn
1053 2116 1268 2187 liceat
1289 2135 1414 2188 tua
1438 2116 1684 2187 dicere
1707 2113 1930 2186 facta!

257 2216 364 2286 En
389 2221 598 2289 venit
627 2272 644 2298 ,
672 2239 892 2311 atque
921 2219 1088 2291 licet
1114 2235 1354 2290 toturn
1380 2219 1568 2289 mihi
1598 2216 1789 2287 ferre
1812 2239 1944 2310 per
1971 2216 2276 2298 Orbem,

256 2318 797 2389 CLEMENTINA
816 2373 837 2402 ,
863 2338 1073 2391 tuum
1098 2341 1353 2391 nomen
1379 2373 1399 2400 ‚
1427 2339 1550 2391 tua
1576 2320 1817 2389 dicere
1840 2316 2028 2390 faeta
2055 2370 2072 2388 .

254 2419 542 2514 Surgite
574 2445 718 2493 non
745 2421 1009 2494 humili
1039 2422 1223 2493 mihi
1257 2423 1578 2493 carmina
1604 2421 1873 2515 surgite
1904 2439 2126 2494 cantu
2153 2421 2176 2501 ,'

256 2524 614 2595 Omnibus
651 2524 714 2593 ἃ
735 2523 935 2596 filvis
968 2524 1211 2596 audiri
1238 2525 1455 2618 digna
1481 2522 1728 2596 feratis
1760 2578 1778 2596 .

254 2625 502 2720 Incipe
528 2679 548 2707 ‚
583 2627 844 2720 Mopse
864 2682 883 2709 ,
910 2628 1121 2721 prior
1148 2625 1264 2697 sed
1303 2645 1382 2697 tu
1409 2625 1822 2719 persolvere
1854 2626 2104 2699 laudes
2132 2678 2154 2707 ,

251 2728 496 2822 Incipe
525 2728 934 2822 :pascentes
959 2729 1276 2801 servabit
1297 2730 1621 2821 Tityrus
1657 2751 1877 2822 agnos
1918 2778 1932 2795 .

146 2832 332 2917 Mop.
364 2831 645 2925 Incipio
667 2885 687 2912 ,
713 2830 1123 2924 sociansque
1150 2849 1362 2903 tuum
1394 2884 1413 2912 ,
1462 2831 1555 2901 do
1587 2834 1911 2904 carmine
1936 2844 2271 2902 cantum:

245 2929 350 3002 Ut
375 2931 624 3005 decori
648 2937 839 3007 vites
862 2935 1080 3009 ulmis
1100 2985 1120 3016 ,
1147 2950 1228 3007 ut
1246 2933 1524 3006 vitibus
1553 2957 1718 3007 uvae
1742 2987 1763 3014 ,
2016 3033 2082 3106 Α

1275 3036 1347 3109 G
1400 3058 1448 3104 2
2098 3054 2166 3102 r-
