2373 3439
1068 210 1346 290 (Lxx)

201 328 554 403 Pratstare
580 332 1006 424 obsequium
1034 386 1054 413 ‚
1079 335 1472 429 dignasque
1505 339 1912 432 rependere
1941 361 2182 435 grates
2211 379 2229 425 ,-

305 432 755 526 Cernuaque
778 437 1136 510 invidiam
1172 439 1515 534 stringere
1542 447 1635 513 ad
1663 466 1790 514 ora
1816 467 2109 516 manum
2147 453 2162 497 ?

201 531 337 602 Per
362 556 588 624 quam
624 539 1034 611 ViENNA
1085 542 1306 612 Soror
1335 545 1609 617 Mauro
1647 545 1933 620 defensa
1960 547 2230 629 feroci,

300 636 436 706 Per
464 661 688 732 quam
721 643 993 712 turrito
1036 646 1315 716 vertice
1347 646 1559 719 floret
1587 651 1826 720 adhuc
1861 702 1875 717 .

199 737 340 809 Per
364 761 596 834 quarn
625 763 886 837 regnat
918 745 1159 817 adhuc
1189 752 1520 820 Romana
1547 754 1878 845 potentia
1911 753 2230 833 Mundo,

305 840 397 913 Et
423 864 584 913 mea
600 868 984 937 perquam
1015 870 1147 920 non
1176 850 1271 921 est
1296 868 1654 925 temerata
1677 855 1887 926 Fides
1912 915 1929 923 -

198 943 527 1016 Dixerat
559 971 575 1017 :
605 947 707 1021 ast
732 949 950 1020 Illum
974 951 1294 1024 coelestia
1321 955 1574 1051 Regna
1591 958 1977 1030 manebant
2001 1005 2025 1039 ,

303 1047 583 1121 Latura
605 1052 781 1124 Eroi
808 1056 1115 1146 praemia
1140 1055 1357 1149 digna
1382 1057 1507 1130 suo
1535 1112 1551 1127 .

201 1149 397 1221 Hinc
426 1151 663 1222 vidior
688 1155 956 1249 plantis
976 1156 1401 1231 sublimibus
1423 1161 1610 1231 astra
1637 1161 1907 1252 petivit
1933 1213 1956 1242 ,

300 1251 385 1321 In
420 1255 676 1347 quibus
703 1311 721 1337 ‚
751 1255 1021 1329 aeternci
1054 1256 1215 1329 sede
1243 1264 1522 1352 potitus
1548 1280 1726 1334 ovat
1750 1313 1765 1330 .

200 1357 558 1427 Attamen
583 1360 904 1431 aethereo
931 1359 1131 1435 Solio
1147 1359 1471 1436 sublimis
1490 1367 1576 1436 ab
1597 1363 1749 1437 alto
1779 1421 1798 1450 ‚

299 1456 749 1550 Prospiciens
775 1464 1122 1539 ROMAE
1149 1464 1472 1560 plurima
1506 1486 1689 1541 vota
1718 1472 1904 1564 piae:

196 1560 366 1630 Huc
388 1558 587 1634 misit
615 1563 937 1659 locuples
974 1567 1316 1641 Uxorem
1341 1622 1361 1650 ‚
1393 1572 1709 1665 Pignora
1742 1624 1762 1652 ,
1786 1574 2150 1665 Neptem:

301 1662 524 1732 Uxor
553 1665 787 1739 honos
815 1721 835 1748 ,
868 1667 1210 1763 splendor
1235 1676 1550 1768 Pignora
1573 1728 1592 1754 ,
1621 1677 1884 1766 Neptis
1915 1696 2125 1745 amor
2153 1728 2169 1741 ,

190 1764 548 1856 Conjugis
572 1768 861 1863 aspectu
880 1824 900 1853 ‚
927 1771 1244 1846 laetantis
1268 1778 1534 1868 gaudia
1571 1778 1914 1847 ROMAE

289 1866 823 1966 Laetitiamque
847 1875 1114 1956 animi,
1143 1879 1307 1968 quis
1330 1878 1504 1950 satis
1525 1901 1648 1949 ore
1674 1877 1863 1949 ferat
1898 1891 1916 1936 ἒ

190 1968 525 2043 Collibus
549 1976 889 2049 exultans
918 1978 1023 2049 ait
1049 2002 1065 2046 :
1091 1979 1233 2061 oh,
1256 1980 1484 2053 datur
1512 1980 1712 2052 Urbe
1739 1977 2018 2049 morari

288 2073 849 2171 Dimidiumque
873 2080 975 2152 sui
1001 2133 1019 2160 ,
1047 2081 1537 2176 deliciumque
1568 2103 1811 2154 meum
1851 2086 1863 2150 l

187 2175 281 2245 Et
302 2179 643 2268 quoniam
678 2206 938 2255 veram
963 2182 1319 2256 sectantur
1343 2190 1652 2281 pignora
1683 2187 2017 2256 Matrem
2039 2233 2059 2261 ‚

291 2279 569 2370 Stipata
595 2284 760 2356 hinc
789 2285 1074 2377 triplici
1105 2290 1327 2381 pigno
1341 2313 1417 2360 re
1437 2292 1693 2362 Mater
1718 2306 1894 2360 ovat
1918 2340 1936 2355 .

189 2379 563 2473 fulgidior
590 2384 774 2460 ficut
801 2386 1211 2483 resplendet
1228 2393 1438 2466 Luna
1458 2446 1478 2474 ,
1503 2392 1842 2484 sequaces

287 2485 358 2553 Si
396 2487 626 2560 trahit
658 2492 1068 2573 Arfiuros3
1098 2492 1211 2564 Sol
1236 2493 1412 2567 licet
1435 2495 1841 2568 occiderit:

189 2586 302 2656 Sic
316 2590 535 2676 juxta
556 2591 790 2666 Natos
820 2593 1174 2667 excelsior
1197 2599 1422 2670 enitet
1452 2598 1671 2670 Uxor
1693 2650 1713 2678 ,

287 2689 683 2767 Astriferas
709 2700 895 2772 inter
918 2721 1050 2769 ceu
1084 2721 1279 2771 nova
1301 2701 1508 2773 Luna
1535 2698 1726 2771 faces
1753 2754 1773 2769 ..

174 2793 507 2867 ROMA
531 2797 653 2869 hic
674 2805 1137 2892 praeteritam
1165 2804 1615 2893 ,JACOBO
1642 2800 1982 2897 Principe
2007 2797 2212 2889 viso,

278 2895 659 2974 Laetitiam
683 2903 1063 2997 duplicans
1085 2904 1742 2999 congeminansque
1767 2904 1970 2977 suam
1988 2928 2016 2972 1:

881 3026 886 3032 “
1928 3008 2037 3079 En
2065 3056 2087 3084 2
