2373 3439
1022 210 1404 289 (LXIII)

168 338 226 412 E
244 338 559 412 xhausto
579 337 857 411 cuniiis
881 338 1137 431 opibus
1164 391 1182 418 ,
1207 336 1431 429 quam
1458 337 1791 411 maxime
1832 343 2106 432 egenti,

168 442 592 536 Impensum
622 448 638 494 ?
667 463 994 535 gemmas
1016 487 1040 521 ,
1059 439 1394 534 phaleras
1418 488 1439 520 ‚
1464 439 1836 514 dextralia
1855 495 1876 524 ,
1897 444 2208 526 inaureS,

166 547 448 638 Saepius
468 563 593 618 aut
622 545 818 616 nudo
847 543 1179 617 detracta
1208 543 1510 614 monilia
1541 542 1730 616 collo
1759 547 1776 601 ?

270 651 326 719 E
344 671 389 716 x
408 664 699 720 tenuata
722 646 896 719 licet
924 646 1243 717 fiammis
1271 643 1651 719 febrilibus
1678 661 1884 718 artus
1910 699 1931 729 ‚

158 749 472 823 Affiduc)
498 752 859 842 quantum
881 750 1159 843 jejunia
1189 746 1404 841 longa
1422 748 1791 821 trahebat!

160 854 773 947 Saepevidebatur
792 848 1265 943 squallescens
1289 851 1643 942 proxima
1668 850 1897 922 morti
1920 885 1942 932 3

159 955 403 1029 Tanta
431 973 591 1028 erat
615 955 688 1023 in
712 952 929 1024 vultu
952 952 1222 1025 macies
1242 952 1552 1045 :pietate
1571 970 1973 1025 moventur

155 1056 499 1130 Astantes
526 1055 745 1128 :nihil
779 1055 916 1127 Illa
937 1054 1044 1126 sui
1074 1110 1086 1124 .
1121 1057 1193 1127 Si
1221 1052 1476 1126 funera
1496 1053 1741 1125 differt
1767 1108 1790 1139 ‚

162 1159 527 1232 Creditur
560 1157 916 1250 Angelico
941 1157 1339 1229 dumtaxat
1364 1156 1622 1227 vivere
1655 1158 1845 1230 Pane
1870 1207 1892 1236 ,

154 1259 486 1334 Esuriem
510 1283 655 1354 quo
682 1258 866 1354 saepe
894 1260 1092 1332 suam
1115 1258 1449 1352 pascebat
1471 1257 1566 1330 ad
1589 1281 1756 1331 aras
1784 1315 1801 1333 .

256 1365 513 1459 Longo
532 1365 606 1434 in
630 1361 929 1436 lethalis
954 1362 1196 1434 morbi
1213 1359 1564 1454 languore
1583 1358 1890 1433 ferendo

157 1465 299 1536 Vis
327 1468 553 1539 animi
579 1463 795 1537 fortis
821 1519 842 1548 ,
866 1464 1221 1560 patientia
1247 1480 1523 1555 quanta
1540 1464 1812 1535 nitebat
1848 1467 1860 1532 !

153 1568 513 1661 Obstupet
536 1565 685 1661 ipsa
711 1566 933 1641 febris
959 1623 975 1639 .
1012 1568 1245 1641 Duris
1279 1564 1747 1660 languoribus
1775 1566 1795 1635 i
1804 1564 1947 1659 pfis

149 1669 447 1744 Fortior
470 1671 759 1742 exultat
791 1671 1148 1765 gaudens.
1180 1666 1384 1767 Qud
1402 1667 1619 1763 plura
1655 1675 1672 1721 ?
1713 1667 1965 1741 sereno

153 1771 401 1843 Vultu
419 1773 573 1865 post
599 1796 870 1844 annum
893 1792 1213 1845 mortem
1232 1771 1442 1842 videt
1473 1769 1611 1841 Illa
1638 1767 1962 1842 futuram
1995 1826 2008 1839 .

152 1873 323 1943 Non
353 1871 449 1945 fic
476 1876 568 1946 ad
593 1875 1005 1948 thalamum
1030 1895 1327 1948 currens
1354 1873 1606 1946 laetata
1630 1875 2049 1968 triumphat

154 1974 423 2067 Sponsa
443 2000 726 2049 novum
759 1978 1040 2073 :Regni
1061 1993 1358 2072 caperet
1387 1976 1520 2048 nec
1549 1975 1723 2048 laeta
1755 1999 2103 2049 coronam

150 2076 684 2152 CLEMENTINA
711 2134 732 2163 ,
761 2081 986 2153 libens
1016 2079 1175 2153 solii
1193 2102 1320 2150 nec
1345 2077 1631 2172 sceptra
1660 2095 1978 2160 teneret3

146 2175 255 2249 Ut
274 2175 401 2247 fibi
429 2177 750 2268 praevisa
775 2183 1071 2255 laetatur
1096 2199 1338 2255 morte
1368 2177 1781 2278 propinqua
1808 2179 1921 2256 (1)
1953 2237 1968 2254 .

144 2278 255 2351 Ut
281 2278 484 2373 gestit
500 2284 820 2372 gaudens
854 2289 865 2354 ἔ
892 2303 973 2356 ut
996 2285 1165 2357 laeta
1194 2337 1215 2365 ,
1242 2284 1334 2356 ad
1366 2281 1598 2355 fidera
1623 2283 1908 2376 palmas

143 2381 386 2473 Erigit
412 2432 432 2461 ,
458 2399 679 2473 atque
705 2404 917 2480 optat
938 2386 1570 2479 mortalitorpore
1589 2381 1778 2458 solvi
1809 2390 1820 2455 ἒ

142 2479 457 2554 Vidisses
476 2482 703 2559 alacri
735 2490 874 2561 hac
898 2542 918 2570 ‚
944 2488 1111 2561 illac
1140 2486 1640 2560 transcurrere
1663 2485 1896 2581 gressu
1919 2523 1943 2570 ,-

143 2584 317 2656 Non
350 2582 547 2657 secus
574 2610 654 2660 ac
677 2614 941 2664 cervus
975 2588 1277 2663 muscofi
1304 2590 1397 2660 ad
1423 2589 1728 2662 flumina
1757 2587 1978 2663 fontis

143 2687 414 2758 Currit
442 2740 463 2770 ‚
491 2693 610 2764 cui
640 2697 909 2787 pendet
932 2694 1223 2769 lethalis
1247 2692 1542 2788 pectore
1574 2695 1858 2766 arundo
1888 2700 2040 2870 ca}

2022 2821 2078 2870 ις

2106 2903 2178 2911 ——a

212 2910 293 2967 (1)
330 2908 524 2957 Ridehit
548 2916 597 2960 in
615 2915 688 2963 die
708 2919 934 2981 novz‘ffimo
954 2956 965 2967 .
1009 2924 1030 2976 (
1062 2916 1228 2966 Parah.
1256 2921 1361 2969 Sal.
1389 2936 1471 2982 31.
1496 2926 1516 2979 )

211 2974 294 3038 (z)
332 2974 724 3043 Qmadmodum
740 2988 961 3050 defiderat
982 2987 1164 3036 Cervus
1186 2986 1416 3050 adfantes
1431 3004 1656 3056 aquarum
1680 3002 1697 3045 3
1728 2989 1798 3038 ita
1824 2988 2041 3053 ckfiiersa‘
2062 2993 2166 3039 „wi-

384 3064 455 3098 ma
477 3067 575 3103 mea
594 3054 658 3104 ad
675 3068 720 3106 te
739 3057 865 3109 Deus
885 3096 896 3110 .
941 3057 1248 3125 <Pfalm.41·
1275 3061 1297 3116 )
