2373 3439
1076 207 1465 286 (LXXV)

800 331 1111 410 DUO
1205 330 1738 416 GENIL

507 504 764 596 Alter
827 508 1336 597 Tlssles
1402 502 2010 606 ΝῨΜΡΗΑες

969 690 1022 740 Α
1110 687 1150 741 1:
1239 686 1285 740 T
1372 685 1417 739 E
1505 686 1548 739 R

375 823 2136 940 CLEMENTINAM

579 1011 862 1102 Urbem
914 1013 1454 1135 ingredientem
1500 1013 1982 1134 alloquitur.

456 1206 564 1316 E
762 1205 847 1317 L
1053 1207 1160 1317 E
1361 1205 1461 1318 G
1662 1204 1727 1318 I
1920 1205 2081 1324 A.

153 1370 369 1439 Gemi.
539 1369 741 1439 Xere
766 1367 1420 1462 virginefi,glaucis
1445 1390 1518 1439 ca
1531 1383 1662 1465 put
1679 1390 1904 1440 exere
1925 1363 2296 1460 lymphis,

550 1471 768 1563 Siqua
796 1471 1341 1564 pudensTibris
1367 1472 2030 1567 gurgiteNyrnpha
2048 1468 2234 1542 lates
2259 1523 2277 1540 .

248 1575 491 1645 Exeat
516 1574 583 1644 <Sc
608 1591 858 1644 tecum
886 1574 1290 1647 Charitum
1324 1573 1728 1647 laetiffimus
1754 1576 1940 1647 ordo
1961 1626 1983 1656 ,
2135 1633 2139 1637 .

351 1677 776 1757 Naiadum,
803 1678 1256 1771 Dryadum,
1281 1678 1842 1770 Nereidumque
1865 1678 2133 1750 cohors
2165 1733 2182 1748 .

238 1780 789 1874 Excipiamque
814 1803 1083 1852 novam
1115 1782 1464 1853 veniente
1487 1781 1772 1853 murice
1799 1782 2247 1876 Nympham
2263 1783 2295 1863 3‘

346 1885 441 1955 Et
467 1882 768 1955 foveant
791 1882 1001 1955 molli
1027 1882 1373 1982 languida
1407 1885 1738 1956 membra
1772 1903 1987 1958 toro.

240 1987 321 2057 In
348 1987 549 2058 Latii
575 2005 813 2058 terras
838 1987 1022 2057 dum
1049 1958 1581 2061 CLEMENTJNA
1608 1987 2114 2083 propinquat;

346 2091 678 2161 Tibridis
711 2090 806 2162 ad
839 2091 1044 2186 ripas
1066 2112 1151 2162 en
1176 2110 1376 2162 nova
1400 2090 1768 2184 Nympha
1797 2092 2045 2163 venit.

241 2191 336 2267 Et
359 2188 622 2286 superi,
629 2192 818 2287 proh
841 2192 1079 2286 qualis
1101 2190 1322 2269 adest!
1345 2189 1644 2290 Quantu
1669 2191 1931 2266 instar'
1909 2217 1984 2266 m
2005 2191 2142 2268 Illa
2166 2192 2291 2289 est!-

345 2296 574 2367 Haud
601 2295 802 2367 vidit
827 2297 1182 2390 Cyprus,
1207 2318 1391 2369 neve
1417 2297 1765 2390 Cythera
1794 2320 2093 2391 parem.

246 2396 469 2497 Qod
495 2401 719 2471 decus
742 2421 869 2471 ore
890 2400 1111 2472 nitet!
1139 2399 1361 2494 digna
1383 2398 1482 2471 est
1507 2402 1629 2473 cui
1663 2401 1880 2495 virgo
1914 2402 2158 2477 Diana
2177 2449 2201 2481 ρ

345 2505 440 2574 Et
469 2505 683 2576 cedat
709 2524 1061 2576 venerans
1088 2498 1307 2578 aurea
1329 2502 1524 2576 dona
1551 2504 1806 2575 Venus
1834 2552 1853 2575 .

243 2607 586 2679 Excubat
618 2611 691 2680 in
725 2625 887 2679 toto
913 2606 1171 2681 divina
1196 2605 1546 2679 modestia
1575 2606 1789 2679 vultu
1818 2643 1837 2693 ς

350 2711 789 2805 Angelicum
819 2727 974 2782 toto
999 2709 1230 2805 spirat
1255 2711 1343 2783 ab
1375 2706 1501 2782 ore
1527 2711 1745 2782 decus
1774 2766 1789 2781 .

244 2811 428 2906 Qae
452 2813 721 2906 species
745 2813 1000 2886 vultus
1027 2818 1039 2885 ἔ
1068 2814 1327 2885 hilaris
1350 2836 1512 2906 quae
1537 2817 1775 2909 gratia
1809 2812 2111 2886 frontis}

349 2914 453 2987 Ut
480 2916 756 3007 triplex
785 2938 929 2990 uno
958 2934 1212 3012 regnet
1234 2918 1306 2989 in
1332 2938 1456 2988 ore
1485 2918 1754 2991 Charis
1787 2975 1805 2984 -

1270 3020 1348 3093 K
1402 3041 1451 3087 2
2017 3022 2179 3091 Gen,
