<?xml version="1.0" encoding="UTF-8"?>
<!DOCTYPE html PUBLIC "-//W3C//DTD XHTML 1.0 Transitional//EN"
    "http://www.w3.org/TR/xhtml1/DTD/xhtml1-transitional.dtd">
<html xmlns="http://www.w3.org/1999/xhtml" xml:lang="en" lang="en">
 <head>
  <title>
</title>
<meta http-equiv="Content-Type" content="text/html;charset=utf-8" />
  <meta name='ocr-system' content='tesseract 3.04.00' />
  <meta name='ocr-capabilities' content='ocr_page ocr_carea ocr_par ocr_line ocrx_word'/>
</head>
<body>
  <div class='ocr_page' id='page_1' title='image "./epicediumproimma00casa_0026.png"; bbox 0 0 2373 3439; ppageno 0'>
   <div class='ocr_carea' id='block_1_1' title="bbox 1040 244 1398 322">
    <p class='ocr_par' dir='ltr' id='par_1_1' title="bbox 1040 244 1398 322">
     <span class='ocr_line' id='line_1_1' title="bbox 1040 244 1398 322; baseline 0.003 -19"><span class='ocrx_word' id='word_1_1' title='bbox 1040 244 1398 322; x_wconf 77' lang='lat' dir='ltr'>(XXIV)</span> 
     </span>
    </p>
   </div>
   <div class='ocr_carea' id='block_1_2' title="bbox 195 360 2242 3011">
    <p class='ocr_par' dir='ltr' id='par_1_2' title="bbox 198 360 2057 461">
     <span class='ocr_line' id='line_1_2' title="bbox 198 360 2057 461; baseline -0.003 -18"><span class='ocrx_word' id='word_1_2' title='bbox 198 369 564 445; x_wconf 69' lang='lat' dir='ltr'>Fluffibus</span> <span class='ocrx_word' id='word_1_3' title='bbox 588 371 941 444; x_wconf 87' lang='lat' dir='ltr'>accedunt</span> <span class='ocrx_word' id='word_1_4' title='bbox 965 369 1263 443; x_wconf 68' lang='lat' dir='ltr'>fluetus:</span> <span class='ocrx_word' id='word_1_5' title='bbox 1290 367 1758 461; x_wconf 73' lang='lat' dir='ltr'>nondumque</span> <span class='ocrx_word' id='word_1_6' title='bbox 1783 360 2057 439; x_wconf 75' lang='lat' dir='ltr'>r‘esedit</span> 
     </span>
    </p>

    <p class='ocr_par' dir='ltr' id='par_1_3' title="bbox 195 473 2183 570">
     <span class='ocr_line' id='line_1_3' title="bbox 195 473 2183 570; baseline -0.003 -23"><span class='ocrx_word' id='word_1_7' title='bbox 195 478 414 548; x_wconf 88' lang='lat' dir='ltr'>Mota</span> <span class='ocrx_word' id='word_1_8' title='bbox 447 477 770 569; x_wconf 87' lang='lat' dir='ltr'>procella</span> <span class='ocrx_word' id='word_1_9' title='bbox 795 477 1008 570; x_wconf 87' lang='lat' dir='ltr'>prior</span> <span class='ocrx_word' id='word_1_10' title='bbox 1036 497 1259 546; x_wconf 83' lang='lat' dir='ltr'>:mox</span> <span class='ocrx_word' id='word_1_11' title='bbox 1286 475 1524 545; x_wconf 86' lang='lat' dir='ltr'>altera</span> <span class='ocrx_word' id='word_1_12' title='bbox 1552 475 1809 544; x_wconf 89' lang='lat' dir='ltr'>oborta</span> <span class='ocrx_word' id='word_1_13' title='bbox 1845 473 2183 543; x_wconf 86' lang='lat' dir='ltr'>carinam</span> 
     </span>
    </p>

    <p class='ocr_par' dir='ltr' id='par_1_4' title="bbox 197 574 2029 673">
     <span class='ocr_line' id='line_1_4' title="bbox 197 574 2029 673; baseline -0.008 -21"><span class='ocrx_word' id='word_1_14' title='bbox 197 581 698 673; x_wconf 77' lang='lat' dir='ltr'>Aggreditur3</span> <span class='ocrx_word' id='word_1_15' title='bbox 735 580 1200 670; x_wconf 77' lang='lat' dir='ltr'><strong>laceramque</strong></span> <span class='ocrx_word' id='word_1_16' title='bbox 1225 577 1442 647; x_wconf 83' lang='lat' dir='ltr'>vadis</span> <span class='ocrx_word' id='word_1_17' title='bbox 1466 574 1691 646; x_wconf 84' lang='lat' dir='ltr'>illidit</span> <span class='ocrx_word' id='word_1_18' title='bbox 1715 577 1780 645; x_wconf 72' lang='grc' dir='ltr'>ἃ</span> <span class='ocrx_word' id='word_1_19' title='bbox 1806 575 1980 646; x_wconf 79' lang='lat' dir='ltr'>aestu</span> <span class='ocrx_word' id='word_1_20' title='bbox 2014 620 2029 638; x_wconf 89' lang='lat'><strong>.</strong></span> 
     </span>
    </p>

    <p class='ocr_par' dir='ltr' id='par_1_5' title="bbox 196 674 2242 774">
     <span class='ocr_line' id='line_1_5' title="bbox 196 674 2242 774; baseline -0.004 -21"><span class='ocrx_word' id='word_1_21' title='bbox 196 683 384 772; x_wconf 74' lang='lat' dir='ltr'>Seva</span> <span class='ocrx_word' id='word_1_22' title='bbox 407 686 634 754; x_wconf 84' lang='lat' dir='ltr'>Rates</span> <span class='ocrx_word' id='word_1_23' title='bbox 663 685 834 755; x_wconf 87' lang='lat' dir='ltr'>hinc</span> <span class='ocrx_word' id='word_1_24' title='bbox 854 681 1103 774; x_wconf 84' lang='lat' dir='ltr'>Scylla</span> <span class='ocrx_word' id='word_1_25' title='bbox 1124 677 1590 758; x_wconf 86' lang='lat' dir='ltr'>fremens,hic</span> <span class='ocrx_word' id='word_1_26' title='bbox 1611 681 1772 748; x_wconf 87' lang='lat' dir='ltr'>dira</span> <span class='ocrx_word' id='word_1_27' title='bbox 1799 674 2242 769; x_wconf 79' lang='lat' dir='ltr'>Charybdis</span> 
     </span>
    </p>

    <p class='ocr_par' dir='ltr' id='par_1_6' title="bbox 197 779 2019 874">
     <span class='ocr_line' id='line_1_6' title="bbox 197 779 2019 874; baseline -0.003 -18"><span class='ocrx_word' id='word_1_28' title='bbox 197 782 499 856; x_wconf 86' lang='lat' dir='ltr'>Obfidet</span> <span class='ocrx_word' id='word_1_29' title='bbox 526 809 542 853; x_wconf 75' lang='grc' dir='ltr'>ε</span> <span class='ocrx_word' id='word_1_30' title='bbox 569 786 874 855; x_wconf 86' lang='lat' dir='ltr'>immani</span> <span class='ocrx_word' id='word_1_31' title='bbox 903 785 1094 856; x_wconf 60' lang='lat' dir='ltr'>rictu</span> <span class='ocrx_word' id='word_1_32' title='bbox 1118 784 1612 872; x_wconf 76' lang='lat' dir='ltr'>barathroque</span> <span class='ocrx_word' id='word_1_33' title='bbox 1640 779 2019 874; x_wconf 87' lang='lat' dir='ltr'>profundo</span> 
     </span>
    </p>

    <p class='ocr_par' dir='ltr' id='par_1_7' title="bbox 195 880 2234 981">
     <span class='ocr_line' id='line_1_7' title="bbox 195 880 2234 981; baseline -0.003 -23"><span class='ocrx_word' id='word_1_34' title='bbox 195 888 269 958; x_wconf 85' lang='lat' dir='ltr'>N</span> <span class='ocrx_word' id='word_1_35' title='bbox 277 885 579 981; x_wconf 75' lang='lat' dir='ltr'>aufraga</span> <span class='ocrx_word' id='word_1_36' title='bbox 599 886 798 980; x_wconf 82' lang='lat' dir='ltr'>ligna</span> <span class='ocrx_word' id='word_1_37' title='bbox 818 906 1123 959; x_wconf 84' lang='lat' dir='ltr'>vorant:</span> <span class='ocrx_word' id='word_1_38' title='bbox 1145 884 1345 957; x_wconf 85' lang='lat' dir='ltr'>mille</span> <span class='ocrx_word' id='word_1_39' title='bbox 1373 882 1772 963; x_wconf 88' lang='lat' dir='ltr'>hinc,mille</span> <span class='ocrx_word' id='word_1_40' title='bbox 1796 884 1969 954; x_wconf 87' lang='lat' dir='ltr'>inde</span> <span class='ocrx_word' id='word_1_41' title='bbox 1998 880 2234 973; x_wconf 71' lang='lat' dir='ltr'>dolose</span> 
     </span>
    </p>

    <p class='ocr_par' dir='ltr' id='par_1_8' title="bbox 196 988 1875 1071">
     <span class='ocr_line' id='line_1_8' title="bbox 196 988 1875 1071; baseline -0.004 -9"><span class='ocrx_word' id='word_1_42' title='bbox 196 992 481 1062; x_wconf 79' lang='lat' dir='ltr'>Sirenes</span> <span class='ocrx_word' id='word_1_43' title='bbox 511 989 755 1061; x_wconf 83' lang='lat' dir='ltr'>blandi</span> <span class='ocrx_word' id='word_1_44' title='bbox 789 1044 808 1071; x_wconf 86' lang='lat'>‚</span> <span class='ocrx_word' id='word_1_45' title='bbox 837 992 1124 1062; x_wconf 84' lang='lat' dir='ltr'>Nautas</span> <span class='ocrx_word' id='word_1_46' title='bbox 1161 1042 1178 1069; x_wconf 93' lang='lat'>,</span> <span class='ocrx_word' id='word_1_47' title='bbox 1208 988 1596 1060; x_wconf 83' lang='lat' dir='ltr'>dulcedine</span> <span class='ocrx_word' id='word_1_48' title='bbox 1621 1005 1875 1057; x_wconf 82' lang='lat' dir='ltr'>cantus</span> 
     </span>
    </p>

    <p class='ocr_par' dir='ltr' id='par_1_9' title="bbox 199 1084 2064 1187">
     <span class='ocr_line' id='line_1_9' title="bbox 199 1084 2064 1187; baseline -0.004 -22"><span class='ocrx_word' id='word_1_49' title='bbox 199 1095 373 1165; x_wconf 79' lang='lat' dir='ltr'>Heu</span> <span class='ocrx_word' id='word_1_50' title='bbox 401 1112 583 1185; x_wconf 87' lang='lat' dir='ltr'>quot</span> <span class='ocrx_word' id='word_1_51' title='bbox 608 1094 984 1187; x_wconf 86' lang='lat' dir='ltr'>decipiunt</span> <span class='ocrx_word' id='word_1_52' title='bbox 1016 1099 1025 1163; x_wconf 74' lang='grc' dir='ltr'>ἔ</span> <span class='ocrx_word' id='word_1_53' title='bbox 1063 1095 1351 1166; x_wconf 82' lang='lat' dir='ltr'>Cautus</span> <span class='ocrx_word' id='word_1_54' title='bbox 1376 1092 1512 1161; x_wconf 85' lang='lat' dir='ltr'>vix</span> <span class='ocrx_word' id='word_1_55' title='bbox 1548 1113 1734 1161; x_wconf 89' lang='lat' dir='ltr'>unus</span> <span class='ocrx_word' id='word_1_56' title='bbox 1772 1084 2064 1180; x_wconf 84' lang='lat' dir='ltr'>Ulyffes</span> 
     </span>
    </p>

    <p class='ocr_par' dir='ltr' id='par_1_10' title="bbox 206 1193 2058 1277">
     <span class='ocr_line' id='line_1_10' title="bbox 206 1193 2058 1277; baseline -0.006 -9"><span class='ocrx_word' id='word_1_57' title='bbox 206 1197 403 1268; x_wconf 87' lang='lat' dir='ltr'>Curn</span> <span class='ocrx_word' id='word_1_58' title='bbox 439 1195 645 1268; x_wconf 87' lang='lat' dir='ltr'>sociis</span> <span class='ocrx_word' id='word_1_59' title='bbox 676 1249 697 1277; x_wconf 85' lang='lat'>‚</span> <span class='ocrx_word' id='word_1_60' title='bbox 720 1197 1040 1268; x_wconf 82' lang='lat' dir='ltr'>modulis</span> <span class='ocrx_word' id='word_1_61' title='bbox 1066 1194 1449 1266; x_wconf 72' lang='lat' dir='ltr'>fallacibus</span> <span class='ocrx_word' id='word_1_62' title='bbox 1471 1193 1781 1263; x_wconf 86' lang='lat' dir='ltr'>obstruit</span> <span class='ocrx_word' id='word_1_63' title='bbox 1809 1210 2058 1262; x_wconf 79' lang='lat' dir='ltr'>aures,</span> 
     </span>
    </p>

    <p class='ocr_par' dir='ltr' id='par_1_11' title="bbox 205 1291 2088 1394">
     <span class='ocr_line' id='line_1_11' title="bbox 205 1291 2088 1394; baseline -0.004 -27"><span class='ocrx_word' id='word_1_64' title='bbox 205 1297 408 1394; x_wconf 74' lang='lat' dir='ltr'>Qud</span> <span class='ocrx_word' id='word_1_65' title='bbox 441 1352 460 1379; x_wconf 85' lang='lat'>‚</span> <span class='ocrx_word' id='word_1_66' title='bbox 489 1297 541 1369; x_wconf 76' lang='lat' dir='ltr'>si</span> <span class='ocrx_word' id='word_1_67' title='bbox 575 1301 814 1371; x_wconf 84' lang='lat' dir='ltr'>nostra</span> <span class='ocrx_word' id='word_1_68' title='bbox 840 1301 1053 1371; x_wconf 83' lang='lat' dir='ltr'>Ratis</span> <span class='ocrx_word' id='word_1_69' title='bbox 1080 1300 1299 1368; x_wconf 89' lang='lat' dir='ltr'>tantis</span> <span class='ocrx_word' id='word_1_70' title='bbox 1326 1294 1657 1366; x_wconf 71' lang='lat' dir='ltr'>concussa</span> <span class='ocrx_word' id='word_1_71' title='bbox 1687 1291 2034 1386; x_wconf 88' lang='lat' dir='ltr'>procellis</span> <span class='ocrx_word' id='word_1_72' title='bbox 2066 1345 2088 1374; x_wconf 89' lang='lat'><strong>,</strong></span> 
     </span>
    </p>

    <p class='ocr_par' dir='ltr' id='par_1_12' title="bbox 203 1397 1916 1491">
     <span class='ocr_line' id='line_1_12' title="bbox 203 1397 1916 1491; baseline -0.005 -16"><span class='ocrx_word' id='word_1_73' title='bbox 203 1402 638 1475; x_wconf 82' lang='lat' dir='ltr'>Ambitione</span> <span class='ocrx_word' id='word_1_74' title='bbox 665 1420 952 1471; x_wconf 82' lang='lat' dir='ltr'>tumens</span> <span class='ocrx_word' id='word_1_75' title='bbox 977 1453 998 1482; x_wconf 86' lang='lat'><strong>,</strong></span> <span class='ocrx_word' id='word_1_76' title='bbox 1023 1398 1352 1491; x_wconf 84' lang='lat' dir='ltr'>fastuque</span> <span class='ocrx_word' id='word_1_77' title='bbox 1386 1398 1571 1470; x_wconf 76' lang='lat' dir='ltr'>elata</span> <span class='ocrx_word' id='word_1_78' title='bbox 1606 1397 1916 1490; x_wconf 84' lang='lat' dir='ltr'>superbo</span> 
     </span>
    </p>

    <p class='ocr_par' dir='ltr' id='par_1_13' title="bbox 200 1496 2053 1597">
     <span class='ocr_line' id='line_1_13' title="bbox 200 1496 2053 1597; baseline -0.005 -21"><span class='ocrx_word' id='word_1_79' title='bbox 200 1505 337 1576; x_wconf 80' lang='lat' dir='ltr'>&#39;Per</span> <span class='ocrx_word' id='word_1_80' title='bbox 364 1505 592 1575; x_wconf 87' lang='lat' dir='ltr'>maris</span> <span class='ocrx_word' id='word_1_81' title='bbox 624 1503 769 1575; x_wconf 84' lang='lat' dir='ltr'>alta</span> <span class='ocrx_word' id='word_1_82' title='bbox 799 1512 1051 1597; x_wconf 82' lang='lat' dir='ltr'>petat?</span> <span class='ocrx_word' id='word_1_83' title='bbox 1091 1502 1290 1597; x_wconf 72' lang='lat' dir='ltr'>Quid</span> <span class='ocrx_word' id='word_1_84' title='bbox 1324 1556 1344 1582; x_wconf 82' lang='lat'><em>,</em></span> <span class='ocrx_word' id='word_1_85' title='bbox 1371 1501 1424 1572; x_wconf 85' lang='lat' dir='ltr'><strong>fi</strong></span> <span class='ocrx_word' id='word_1_86' title='bbox 1451 1521 1737 1572; x_wconf 86' lang='lat' dir='ltr'>temone</span> <span class='ocrx_word' id='word_1_87' title='bbox 1762 1496 2053 1570; x_wconf 88' lang='lat' dir='ltr'>revulso</span> 
     </span>
    </p>

    <p class='ocr_par' dir='ltr' id='par_1_14' title="bbox 205 1603 2168 1701">
     <span class='ocr_line' id='line_1_14' title="bbox 205 1603 2168 1701; baseline -0.005 -25"><span class='ocrx_word' id='word_1_88' title='bbox 205 1605 545 1701; x_wconf 85' lang='lat' dir='ltr'>Quasque</span> <span class='ocrx_word' id='word_1_89' title='bbox 580 1606 763 1677; x_wconf 85' lang='lat' dir='ltr'>velit</span> <span class='ocrx_word' id='word_1_90' title='bbox 797 1629 1026 1679; x_wconf 78' lang='lat' dir='ltr'>caecas</span> <span class='ocrx_word' id='word_1_91' title='bbox 1063 1607 1294 1699; x_wconf 80' lang='lat' dir='ltr'>puppi</span> <span class='ocrx_word' id='word_1_92' title='bbox 1331 1603 1836 1676; x_wconf 82' lang='lat' dir='ltr'>transcurrere</span> <span class='ocrx_word' id='word_1_93' title='bbox 1869 1604 2168 1692; x_wconf 65' lang='lat' dir='ltr'>Syrtes&gt;</span> 
     </span>
    </p>

    <p class='ocr_par' dir='ltr' id='par_1_15' title="bbox 203 1694 2187 1800">
     <span class='ocr_line' id='line_1_15' title="bbox 203 1694 2187 1800; baseline -0.004 -19"><span class='ocrx_word' id='word_1_94' title='bbox 203 1710 575 1781; x_wconf 78' lang='lat' dir='ltr'>Stantibus</span> <span class='ocrx_word' id='word_1_95' title='bbox 603 1709 880 1779; x_wconf 78' lang='lat' dir='ltr'>idcirco</span> <span class='ocrx_word' id='word_1_96' title='bbox 917 1710 1031 1779; x_wconf 89' lang='lat' dir='ltr'>his</span> <span class='ocrx_word' id='word_1_97' title='bbox 1056 1707 1374 1800; x_wconf 85' lang='lat' dir='ltr'>scopulis</span> <span class='ocrx_word' id='word_1_98' title='bbox 1396 1761 1415 1788; x_wconf 88' lang='lat'><strong>,</strong></span> <span class='ocrx_word' id='word_1_99' title='bbox 1440 1727 1661 1797; x_wconf 87' lang='lat' dir='ltr'>atque</span> <span class='ocrx_word' id='word_1_100' title='bbox 1690 1706 2013 1795; x_wconf 87' lang='lat' dir='ltr'>undique</span> <span class='ocrx_word' id='word_1_101' title='bbox 2039 1694 2187 1773; x_wconf 56' lang='lat' dir='ltr'>lat&amp;</span> 
     </span>
    </p>

    <p class='ocr_par' dir='ltr' id='par_1_16' title="bbox 202 1805 2183 1901">
     <span class='ocr_line' id='line_1_16' title="bbox 202 1805 2183 1901; baseline -0.005 -17"><span class='ocrx_word' id='word_1_102' title='bbox 202 1813 564 1884; x_wconf 87' lang='lat' dir='ltr'>Cautibus</span> <span class='ocrx_word' id='word_1_103' title='bbox 599 1812 992 1883; x_wconf 85' lang='lat' dir='ltr'>horrendis</span> <span class='ocrx_word' id='word_1_104' title='bbox 1029 1863 1047 1893; x_wconf 91' lang='lat'><strong>,</strong></span> <span class='ocrx_word' id='word_1_105' title='bbox 1072 1810 1387 1901; x_wconf 83' lang='lat' dir='ltr'>aestuque</span> <span class='ocrx_word' id='word_1_106' title='bbox 1414 1807 1890 1879; x_wconf 83' lang='lat' dir='ltr'>frementibus</span> <span class='ocrx_word' id='word_1_107' title='bbox 1917 1805 2133 1874; x_wconf 88' lang='lat' dir='ltr'>undis</span> <span class='ocrx_word' id='word_1_108' title='bbox 2161 1837 2183 1883; x_wconf 70' lang='grc' dir='ltr'>ς</span> 
     </span>
    </p>

    <p class='ocr_par' dir='ltr' id='par_1_17' title="bbox 201 1905 2182 2007">
     <span class='ocr_line' id='line_1_17' title="bbox 201 1905 2182 2007; baseline -0.005 -22"><span class='ocrx_word' id='word_1_109' title='bbox 201 1915 369 1985; x_wconf 89' lang='lat' dir='ltr'>Hoc</span> <span class='ocrx_word' id='word_1_110' title='bbox 396 1933 622 2006; x_wconf 89' lang='lat' dir='ltr'>ponto</span> <span class='ocrx_word' id='word_1_111' title='bbox 647 1919 865 2006; x_wconf 84' lang='lat' dir='ltr'>juvat</span> <span class='ocrx_word' id='word_1_112' title='bbox 900 1917 1006 1996; x_wconf 18' lang='lat' dir='ltr'>irsse</span> <span class='ocrx_word' id='word_1_113' title='bbox 1034 1912 1297 2007; x_wconf 74' lang='lat' dir='ltr'>procul</span> <span class='ocrx_word' id='word_1_114' title='bbox 1328 1936 1344 1981; x_wconf 75' lang='grc' dir='ltr'><strong><em>ε</em></strong></span> <span class='ocrx_word' id='word_1_115' title='bbox 1371 1934 1542 1982; x_wconf 87' lang='lat' dir='ltr'>cum</span> <span class='ocrx_word' id='word_1_116' title='bbox 1566 1910 1902 2001; x_wconf 67' lang='lat' dir='ltr'>saevaque</span> <span class='ocrx_word' id='word_1_117' title='bbox 1927 1905 2182 2000; x_wconf 75' lang='lat' dir='ltr'>passim</span> 
     </span>
    </p>

    <p class='ocr_par' dir='ltr' id='par_1_18' title="bbox 198 2012 2230 2111">
     <span class='ocr_line' id='line_1_18' title="bbox 198 2012 2230 2111; baseline -0.005 -24"><span class='ocrx_word' id='word_1_118' title='bbox 198 2016 539 2088; x_wconf 90' lang='lat' dir='ltr'>Monstra</span> <span class='ocrx_word' id='word_1_119' title='bbox 565 2017 860 2098; x_wconf 89' lang='lat' dir='ltr'>latrent,</span> <span class='ocrx_word' id='word_1_120' title='bbox 882 2017 1304 2111; x_wconf 86' lang='lat' dir='ltr'>strepitante</span> <span class='ocrx_word' id='word_1_121' title='bbox 1330 2016 1545 2094; x_wconf 88' lang='lat' dir='ltr'>mari,</span> <span class='ocrx_word' id='word_1_122' title='bbox 1573 2012 1899 2084; x_wconf 77' lang='lat' dir='ltr'>cecidille</span> <span class='ocrx_word' id='word_1_123' title='bbox 1917 2012 2230 2103; x_wconf 84' lang='lat' dir='ltr'>juvabit.</span> 
     </span>
    </p>

    <p class='ocr_par' dir='ltr' id='par_1_19' title="bbox 203 2115 1860 2200">
     <span class='ocr_line' id='line_1_19' title="bbox 203 2115 1860 2200; baseline -0.003 -11"><span class='ocrx_word' id='word_1_124' title='bbox 203 2119 365 2190; x_wconf 86' lang='lat' dir='ltr'>Illic</span> <span class='ocrx_word' id='word_1_125' title='bbox 391 2141 470 2190; x_wconf 79' lang='lat' dir='ltr'>ut</span> <span class='ocrx_word' id='word_1_126' title='bbox 502 2122 802 2191; x_wconf 77' lang='lat' dir='ltr'>tandem</span> <span class='ocrx_word' id='word_1_127' title='bbox 842 2173 860 2200; x_wconf 93' lang='lat'>‚</span> <span class='ocrx_word' id='word_1_128' title='bbox 891 2121 1214 2193; x_wconf 88' lang='lat' dir='ltr'>Domino</span> <span class='ocrx_word' id='word_1_129' title='bbox 1242 2120 1553 2188; x_wconf 81' lang='lat' dir='ltr'>donante</span> <span class='ocrx_word' id='word_1_130' title='bbox 1574 2115 1860 2196; x_wconf 88' lang='lat' dir='ltr'>,salutis</span> 
     </span>
    </p>

    <p class='ocr_par' dir='ltr' id='par_1_20' title="bbox 209 2218 1965 2316">
     <span class='ocr_line' id='line_1_20' title="bbox 209 2218 1965 2316; baseline -0.004 -22"><span class='ocrx_word' id='word_1_131' title='bbox 209 2229 234 2308; x_wconf 90' lang='lat'><strong>(</strong></span> <span class='ocrx_word' id='word_1_132' title='bbox 265 2224 564 2297; x_wconf 76' lang='lat' dir='ltr'>Divinae</span> <span class='ocrx_word' id='word_1_133' title='bbox 589 2224 882 2316; x_wconf 88' lang='lat' dir='ltr'>pietatis</span> <span class='ocrx_word' id='word_1_134' title='bbox 907 2246 988 2294; x_wconf 90' lang='lat' dir='ltr'>ea</span> <span class='ocrx_word' id='word_1_135' title='bbox 1013 2222 1108 2293; x_wconf 89' lang='lat' dir='ltr'>est</span> <span class='ocrx_word' id='word_1_136' title='bbox 1132 2222 1286 2314; x_wconf 84' lang='lat' dir='ltr'>spes</span> <span class='ocrx_word' id='word_1_137' title='bbox 1319 2227 1339 2299; x_wconf 89' lang='lat'><em>)</em></span> <span class='ocrx_word' id='word_1_138' title='bbox 1368 2222 1635 2312; x_wconf 87' lang='lat' dir='ltr'>puppis</span> <span class='ocrx_word' id='word_1_139' title='bbox 1667 2218 1965 2289; x_wconf 86' lang='lat' dir='ltr'>inermis</span> 
     </span>
    </p>

    <p class='ocr_par' dir='ltr' id='par_1_21' title="bbox 209 2319 2031 2419">
     <span class='ocr_line' id='line_1_21' title="bbox 209 2319 2031 2419; baseline -0.003 -24"><span class='ocrx_word' id='word_1_140' title='bbox 209 2325 394 2395; x_wconf 83' lang='lat' dir='ltr'>Haec</span> <span class='ocrx_word' id='word_1_141' title='bbox 427 2344 734 2418; x_wconf 89' lang='lat' dir='ltr'>portum</span> <span class='ocrx_word' id='word_1_142' title='bbox 757 2345 1040 2419; x_wconf 77' lang='lat' dir='ltr'>caplat:</span> <span class='ocrx_word' id='word_1_143' title='bbox 1069 2325 1282 2396; x_wconf 89' lang='lat' dir='ltr'>nullis</span> <span class='ocrx_word' id='word_1_144' title='bbox 1313 2325 1431 2394; x_wconf 90' lang='lat' dir='ltr'>ubi</span> <span class='ocrx_word' id='word_1_145' title='bbox 1457 2340 1656 2394; x_wconf 86' lang='lat' dir='ltr'>mota</span> <span class='ocrx_word' id='word_1_146' title='bbox 1685 2319 2031 2416; x_wconf 88' lang='lat' dir='ltr'>procellis</span> 
     </span>
    </p>

    <p class='ocr_par' dir='ltr' id='par_1_22' title="bbox 208 2425 1908 2512">
     <span class='ocr_line' id='line_1_22' title="bbox 208 2425 1908 2512; baseline -0.004 -14"><span class='ocrx_word' id='word_1_147' title='bbox 208 2426 420 2498; x_wconf 88' lang='lat' dir='ltr'>Sistet</span> <span class='ocrx_word' id='word_1_148' title='bbox 446 2430 515 2497; x_wconf 91' lang='lat' dir='ltr'>in</span> <span class='ocrx_word' id='word_1_149' title='bbox 543 2429 897 2501; x_wconf 77' lang='lat' dir='ltr'>aeternum</span> <span class='ocrx_word' id='word_1_150' title='bbox 922 2465 942 2512; x_wconf 82' lang='lat'>3</span> <span class='ocrx_word' id='word_1_151' title='bbox 974 2427 1192 2500; x_wconf 89' lang='lat' dir='ltr'>nullis</span> <span class='ocrx_word' id='word_1_152' title='bbox 1213 2427 1334 2499; x_wconf 89' lang='lat' dir='ltr'>ubi</span> <span class='ocrx_word' id='word_1_153' title='bbox 1359 2426 1639 2497; x_wconf 90' lang='lat' dir='ltr'>concita</span> <span class='ocrx_word' id='word_1_154' title='bbox 1667 2425 1908 2495; x_wconf 88' lang='lat' dir='ltr'>ventis</span> 
     </span>
    </p>

    <p class='ocr_par' dir='ltr' id='par_1_23' title="bbox 207 2522 2097 2624">
     <span class='ocr_line' id='line_1_23' title="bbox 207 2522 2097 2624; baseline -0.004 -22"><span class='ocrx_word' id='word_1_155' title='bbox 207 2531 646 2622; x_wconf 83' lang='lat' dir='ltr'>Perpetuam</span> <span class='ocrx_word' id='word_1_156' title='bbox 678 2531 909 2604; x_wconf 84' lang='lat' dir='ltr'>sumet</span> <span class='ocrx_word' id='word_1_157' title='bbox 938 2533 1266 2624; x_wconf 84' lang='lat' dir='ltr'>requiem</span> <span class='ocrx_word' id='word_1_158' title='bbox 1293 2583 1312 2610; x_wconf 90' lang='lat'>‚</span> <span class='ocrx_word' id='word_1_159' title='bbox 1332 2526 1698 2620; x_wconf 87' lang='lat' dir='ltr'>sospesque</span> <span class='ocrx_word' id='word_1_160' title='bbox 1723 2522 2045 2597; x_wconf 80' lang='lat' dir='ltr'>manebit</span> <span class='ocrx_word' id='word_1_161' title='bbox 2081 2571 2097 2594; x_wconf 78' lang='grc'><strong>.</strong></span> 
     </span>
    </p>

    <p class='ocr_par' dir='ltr' id='par_1_24' title="bbox 209 2630 2082 2729">
     <span class='ocr_line' id='line_1_24' title="bbox 209 2630 2082 2729; baseline -0.005 -24"><span class='ocrx_word' id='word_1_162' title='bbox 209 2632 369 2705; x_wconf 85' lang='lat' dir='ltr'>Pax</span> <span class='ocrx_word' id='word_1_163' title='bbox 402 2635 525 2704; x_wconf 91' lang='lat' dir='ltr'>ubi</span> <span class='ocrx_word' id='word_1_164' title='bbox 563 2632 779 2707; x_wconf 90' lang='lat' dir='ltr'>firma</span> <span class='ocrx_word' id='word_1_165' title='bbox 809 2639 1050 2729; x_wconf 80' lang='lat' dir='ltr'>viget:</span> <span class='ocrx_word' id='word_1_166' title='bbox 1083 2632 1324 2704; x_wconf 85' lang='lat' dir='ltr'>voluit</span> <span class='ocrx_word' id='word_1_167' title='bbox 1351 2633 1468 2700; x_wconf 92' lang='lat' dir='ltr'>cui</span> <span class='ocrx_word' id='word_1_168' title='bbox 1497 2630 1746 2700; x_wconf 76' lang='lat' dir='ltr'>littora</span> <span class='ocrx_word' id='word_1_169' title='bbox 1777 2649 2034 2719; x_wconf 86' lang='lat' dir='ltr'>pacem</span> <span class='ocrx_word' id='word_1_170' title='bbox 2060 2676 2082 2705; x_wconf 92' lang='lat'><strong>,</strong></span> 
     </span>
    </p>

    <p class='ocr_par' dir='ltr' id='par_1_25' title="bbox 211 2729 1910 2833">
     <span class='ocr_line' id='line_1_25' title="bbox 211 2729 1910 2833; baseline -0.004 -25"><span class='ocrx_word' id='word_1_171' title='bbox 211 2736 301 2808; x_wconf 81' lang='lat' dir='ltr'>Et</span> <span class='ocrx_word' id='word_1_172' title='bbox 327 2759 588 2829; x_wconf 87' lang='lat' dir='ltr'>pacem</span> <span class='ocrx_word' id='word_1_173' title='bbox 611 2736 785 2809; x_wconf 89' lang='lat' dir='ltr'>fines</span> <span class='ocrx_word' id='word_1_174' title='bbox 808 2740 1045 2833; x_wconf 90' lang='lat' dir='ltr'>posuit</span> <span class='ocrx_word' id='word_1_175' title='bbox 1075 2740 1274 2809; x_wconf 88' lang='lat' dir='ltr'>Deus</span> <span class='ocrx_word' id='word_1_176' title='bbox 1301 2733 1443 2827; x_wconf 82' lang='lat' dir='ltr'>ipse</span> <span class='ocrx_word' id='word_1_177' title='bbox 1472 2741 1579 2819; x_wconf 78' lang='lat'>(1)</span> <span class='ocrx_word' id='word_1_178' title='bbox 1602 2758 1618 2802; x_wconf 76' lang='grc' dir='ltr'><strong><em>ε</em></strong></span> <span class='ocrx_word' id='word_1_179' title='bbox 1647 2729 1910 2823; x_wconf 84' lang='lat' dir='ltr'>fatigat</span> 
     </span>
    </p>

    <p class='ocr_par' dir='ltr' id='par_1_26' title="bbox 211 2828 2159 3011">
     <span class='ocr_line' id='line_1_26' title="bbox 211 2828 2159 2936; baseline -0.007 -26"><span class='ocrx_word' id='word_1_180' title='bbox 211 2838 437 2910; x_wconf 86' lang='lat' dir='ltr'>Nulla</span> <span class='ocrx_word' id='word_1_181' title='bbox 459 2841 580 2911; x_wconf 88' lang='lat' dir='ltr'>ubi</span> <span class='ocrx_word' id='word_1_182' title='bbox 607 2843 1030 2936; x_wconf 86' lang='lat' dir='ltr'>tempestas:</span> <span class='ocrx_word' id='word_1_183' title='bbox 1054 2838 1316 2933; x_wconf 82' lang='lat' dir='ltr'>glacies</span> <span class='ocrx_word' id='word_1_184' title='bbox 1346 2838 1468 2909; x_wconf 87' lang='lat' dir='ltr'>ubi</span> <span class='ocrx_word' id='word_1_185' title='bbox 1488 2835 1685 2909; x_wconf 88' lang='lat' dir='ltr'>nulla</span> <span class='ocrx_word' id='word_1_186' title='bbox 1704 2887 1724 2917; x_wconf 91' lang='lat'>‚</span> <span class='ocrx_word' id='word_1_187' title='bbox 1751 2856 1876 2904; x_wconf 91' lang='lat' dir='ltr'>nec</span> <span class='ocrx_word' id='word_1_188' title='bbox 1913 2828 2159 2904; x_wconf 79' lang='lat' dir='ltr'>aestus:</span> 
     </span>
     <span class='ocr_line' id='line_1_27' title="bbox 2000 2935 2138 3011; baseline 0.051 -7"><span class='ocrx_word' id='word_1_189' title='bbox 2000 2935 2138 3011; x_wconf 85' lang='lat' dir='ltr'>SV-</span> 
     </span>
    </p>
   </div>
   <div class='ocr_carea' id='block_1_3' title="bbox 1987 3041 2229 3062">
    <p class='ocr_par' dir='ltr' id='par_1_27' title="bbox 1987 3041 2229 3062">
     <span class='ocr_line' id='line_1_28' title="bbox 1987 3041 2229 3062; baseline 0 377"><span class='ocrx_word' id='word_1_190' title='bbox 1987 3041 2229 3062; x_wconf 95' lang='lat' dir='ltr'> </span> 
     </span>
    </p>
   </div>
   <div class='ocr_carea' id='block_1_4' title="bbox 202 3049 1530 3145">
    <p class='ocr_par' dir='ltr' id='par_1_28' title="bbox 202 3049 1530 3145">
     <span class='ocr_line' id='line_1_29' title="bbox 202 3049 1530 3145; baseline 0.007 -27"><span class='ocrx_word' id='word_1_191' title='bbox 202 3049 1159 3143; x_wconf 60' lang='grc' dir='ltr'>Μ(</span> <span class='ocrx_word' id='word_1_192' title='bbox 1184 3076 1346 3145; x_wconf 75' lang='lat' dir='ltr'>Psalm.</span> <span class='ocrx_word' id='word_1_193' title='bbox 1375 3077 1530 3141; x_wconf 79' lang='lat'>147.)</span> 
     </span>
    </p>
   </div>
  </div>
 </body>
</html>
