2373 3439
960 243 1281 320 (Lx11)

154 367 346 437 Nera
376 364 574 438 fuere
606 363 733 438 fibi
756 370 861 454 (1)
886 391 900 436 :
928 370 1294 438 contextis
1332 368 1642 460 denique
1669 369 1739 439 in
1774 368 1979 440 usum

154 470 404 539 induit
431 472 546 540 his
574 469 808 540 nudos
836 523 850 536 .
876 469 1228 540 Vedloria
1258 474 1528 563 cymba
1557 471 1672 541 vel
1703 471 1944 542 absens

153 572 517 642 Meet-enti
545 594 806 664 panem
835 570 1231 641 transmisit
1263 578 1397 658 (2).
1424 573 1641 644 Plura
1669 577 1848 665 quid
1875 575 2197 646 addam?

156 676 448 757 (Tanta
477 680 622 763 ejus
655 675 890 766 pietas
922 672 1105 757 fuit)
1140 677 1505 745 Omnibus
1534 680 1775 748 omnia
1823 675 2012 750 saera
2050 680 2144 751 est
2183 733 2196 745 .

253 777 572 846 Miraris
592 776 871 870 Regale
899 777 1118 848 decus
1153 775 1219 848 se
1249 779 1500 848 munia
1530 778 1624 848 ad
1652 779 1783 851 ista

151 874 501 967 Dejeciss'e
530 894 546 940 ἓ
573 880 733 950 Suis
759 880 1093 950 manibus
1117 931 1134 959 ,
1162 879 1342 950 dum
1372 879 1518 951 sola
1542 884 1879 956 manebat
1903 937 1924 966 ,

153 987 177 1062 (
205 978 368 1050 Sola
395 997 641 1051 tamen
665 983 869 1052 nobis
898 981 1146 1053 valeat
1172 979 1224 1051 fi
1251 983 1484 1054 dicier
1511 982 1649 1054 Illa
1677 1036 1697 1064 ,

150 1082 335 1174 Quae
361 1086 716 1156 comitata
745 1082 885 1155 suis
919 1083 1205 1178 semper
1233 1086 1662 1156 Virtutibus
1689 1086 1839 1158 ibat
1868 1099 1894 1168 )

149 1184 604 1276 Pauperibus
631 1185 827 1257 sutas
859 1185 1098 1257 vestes
1128 1240 1146 1266 ,
1180 1188 1245 1256 ὅ(
1271 1189 1589 1278 tegmina
1619 1186 1749 1257 lini

148 1286 444 1379 Largiri
469 1311 484 1356 ε
513 1307 731 1379 atque
759 1290 976 1358 etiam
1005 1289 1333 1381 propriis
1360 1287 1426 1359 se
1453 1286 1770 1360 vestibus
1795 1288 2039 1382 Ipsam

147 1386 219 1458 N
230 1411 322 1458 on
355 1387 565 1460 semel
599 1412 874 1461 exuere
907 1441 927 1470 ‚
949 1407 1032 1459 ut
1056 1391 1287 1461 nudos
1315 1389 1618 1461 vestiret
1641 1413 1905 1486 egenos
1934 1418 1951 1463 :

142 1489 449 1583 Insuper
475 1493 540 1561 ἃ
564 1491 803 1585 peplis
839 1491 1059 1574 ostri,
1086 1490 1557 1585 phalerisque
1587 1493 1873 1564 decoris

150 1592 235 1662 Se
270 1591 580 1684 spoliare
606 1593 747 1664 suis
776 1647 796 1676 ,
827 1615 911 1665 ut
932 1594 1215 1667 Christi
1249 1594 1516 1667 altaria
1547 1598 1864 1667 adornet
1895 1621 1910 1665 :

149 1693 540 1786 ipsamque
565 1697 840 1769 interea
870 1698 1067 1771 tritae
1099 1697 1471 1770 velamina
1493 1697 1710 1770 vestis

141 1796 453 1868 Induere
482 1818 743 1892 :atque
766 1821 986 1871 manu
1013 1852 1033 1880 ‚
1066 1821 1210 1891 qua
1239 1818 1413 1871 nata
1437 1801 1532 1871 est
1559 1802 1860 1893 Sceptra
1893 1815 2139 1871 tenere
2159 1849 2179 1877 ,

139 1899 574 1973 Exonerare
600 1902 798 1976 colos
820 1955 840 1984 ‚
862 1903 930 1973 &
958 1899 1144 1973 linea
1169 1903 1436 1973 ducere
1460 1899 1624 1983 fila3

141 2003 266 2071 An
294 2024 436 2071 non
456 2005 764 2098 Reginae
795 1985 1016 2077 tar‘itae
1042 2057 1063 2086 ‚
1089 2004 1213 2076 vel
1237 2005 1576 2096 Principe
1600 2006 1671 2074 in
1697 2003 1900 2076 Urbe
1931 2053 1953 2082 ,

138 2104 315 2173 Mos
341 2104 462 2175 hic
490 2107 963 2199 persolemnis
982 2125 1139 2177 erat
1170 2109 1187 2161 ἕ
1215 2105 1641 2199 Largiffima
1668 2103 1951 2197 semper
1975 2156 1996 2184 ,

141 2202 376 2299 Queis
403 2230 537 2280 nori
566 2211 765 2282 Urbe
789 2210 1048 2304 stipem
1074 2207 1180 2279 fas
1208 2209 1304 2280 est
1328 2206 1714 2302 deposcere
1745 2242 1764 2288 3
1796 2205 2073 2298 quosve

141 2306 387 2401 Longa
414 2314 688 2405 premit
715 2315 984 2386 macies
1005 2364 1023 2392 ‚
1045 2334 1188 2403 quo
1214 2310 1407 2383 clam
1430 2309 1636 2404 stipis
1665 2331 1808 2382 aere
1835 2307 2170 2385 fovebat!

142 2409 495 2502 Pauperis
523 2416 691 2487 hinc
726 2417 1010 2509 quoties
1032 2419 1273 2507 jejuno
1304 2430 1562 2484 ventre
1588 2413 1915 2484 cadentis
1944 2462 1965 2490 ‚

138 2510 308 2583 Non
333 2520 600 2610 emptis
629 2520 942 2612 dapibus
975 2517 1261 2588 suffesta
1290 2515 1386 2586 est
1412 2514 1649 2584 mensa
1681 2513 1995 2605 paratis!
2030 2517 2174 2605 (3)‚

241 2612 443 2709 Qid
468 2621 784 2692 referam
809 2621 1200 2691 vehemens
1228 2617 1513 2710 argenti
1537 2615 1820 2709 pondus
1846 2616 1913 2686 <Sc
1940 2619 2105 2688 auri

136 2713 258 2788 Nu
272 2716 460 2794 rfino
486 2723 771 2818 Populo
800 2778 820 2805 ‚
847 2721 1055 2794 vasto
1078 2719 1361 2793 telluris
1393 2718 1600 2791 hiatu
1625 2770 1644 2800 ,

201 2952 285 3077 ((ἑέ
319 3013 453 3064 Ριῑὲἶιτ
476 3013 534 3078 est
553 3014 677 3077 quast
699 3013 862 3064 Navis
885 3015 1110 3080 Institoris
1130 3017 1184 3065 de
1201 3019 1331 3077 longe
1350 3024 1546 3079 portam·
1564 3026 1733 3080 panem
1755 3009 1893 3074 suum
1910 3049 1920 3059 .
1951 3013 1976 3074 ξ
2001 3009 2118 3059 Ihid.
2147 3016 2167 3071 )

193 3085 282 3149 (3)
321 3086 520 3135 Manum
528 3083 658 3147 suam
675 3085 860 3150 aperait
881 3085 1030 3152 Inopi,
1055 3085 1116 3141 (ἦν
1131 3083 1428 3152 palmassuas
1444 3082 1666 3134 extendit
1686 3084 1749 3134 ad
1756 3093 2023 3150 pauperem.
2042 3080 2066 3145 (
2072 3079 2167 3144 lh.)
