2373 3439
1049 244 1297 320 (LII)

162 373 580 447 Arboribus
607 372 822 443 flores
843 421 863 450 ,
905 368 1172 463 segetes
1196 389 1279 442 ut
1322 373 1711 468 pinguibus
1741 375 1941 447 arvis
1964 423 1984 452 ,

161 476 416 570 thue
440 499 639 569 agnae
665 474 1031 569 gregibus,
1058 474 1463 567 vitulaeque
1495 493 1575 546 ut
1600 476 1963 548 matribus
1997 472 2195 563 albe:

163 579 694 652 CLEMENTJNA
721 578 940 647 decus
968 577 1189 648 Natis
1213 630 1232 657 ‚
1265 577 1333 646 <St
1359 578 1596 672 gloria
1623 579 1809 672 Regi
1846 628 1856 641 .

60 666 230 751 Mel.
265 682 368 754 Ut
394 679 685 752 stabulis
709 681 1009 773 pingues
1049 679 1303 761 vituli,
1344 678 1738 772 vitulisque
1753 685 2093 772 juvence,

176 782 284 856 Ut
312 785 607 856 lacubus
635 781 861 871 pisces
885 828 907 861 ‚
928 780 1402 873 squammosae
1426 799 1507 854 ut
1526 782 1843 877 piscibus
1869 784 1999 854 alae
2027 834 2046 861 ‚

166 883 420 979 thue
444 887 705 959 avibus
729 885 1004 980 plumae
1030 936 1050 966 ,
1077 884 1426 978 testisque
1451 889 1792 979 cecropia
1812 883 2198 958 Hirundo:

164 989 692 1061 CLEMENTINA
728 989 869 1060 suis
898 986 1280 1060 clarissima
1311 988 1545 1083 gloria
1576 989 1792 1059 Natis
1826 1044 1839 1058 .

60 1091 241 1183 Mop.
272 1092 654 1164 Alveariis
681 1111 761 1163 ut
786 1113 957 1185 apes
976 1142 995 1169 ,
1022 1092 1333 1182 pecudes
1363 1109 1443 1162 ut
1472 1091 1789 1162 ovilibus
1820 1128 1838 1173 3
1897 1089 2094 1180 agris

164 1194 270 1265 Ut
300 1192 555 1265 molles
580 1196 823 1267 herbae
858 1246 876 1273 ,
914 1192 1339 1284 platanique
1363 1211 1446 1262 ut
1479 1191 1787 1263 collibus
1813 1192 1980 1262 altae
2009 1243 2029 1271 ,

159 1295 413 1388 thue
439 1296 614 1367 rosae
640 1299 860 1367 violis
888 1345 908 1372 ,
935 1293 1253 1367 violaria
1283 1294 1565 1366 roscida
1590 1296 1827 1387 pratis
1857 1345 1878 1375 ,

160 1397 597 1469 Palmitibus
619 1399 858 1477 botri,
886 1394 1171 1486 stipulis
1201 1396 1504 1469 cerealis
1533 1399 1747 1469 arista

158 1499 533 1581 Maturi53
562 1519 644 1570 ut
673 1524 895 1593 poma
921 1501 1138 1589 pyris
1166 1553 1185 1581 ‚
1213 1518 1296 1571 ut
1330 1503 1595 1593 punica
1627 1499 1842 1572 malis

161 1602 411 1676 Grana
438 1636 460 1682 3
492 1602 751 1674 volans
780 1599 982 1671 silvis
1012 1621 1262 1673 turtur
1287 1657 1305 1682 ,
1336 1602 1711 1695 pinnisque
1742 1602 2122 1674 columba:

161 1703 707 1776 CLEMENUNA
739 1705 880 1775 suis
912 1700 1297 1776 clarissima
1323 1705 1557 1797 gloria
1591 1706 1808 1777 Natis
1838 1758 1858 1786 ,

148 1806 464 1895 JACOBO
495 1808 767 1903 Sponso
796 1806 1179 1882 clariffima
1206 1807 1440 1899 gloria
1470 1809 1696 1900 Regi.

61 1911 232 1982 Mel.
257 1912 341 1983 In
368 1914 551 1985 lucis
578 1912 829 1983 laurus
849 1910 1352 2015 pulcherrima
1374 1963 1393 1990 ‚
1422 1909 1579 1979 lilia,
1606 1912 1676 1979 in
1707 1909 1940 1980 hortis
1973 1958 1997 1986 ‚

163 2016 500 2087 Ruribus
543 2015 861 2086 Urbanis
883 2011 1225 2087 frondens
1258 2012 1762 2105 pulcherrima
1788 2014 2041 2082 buxus
2067 2063 2088 2089 ,

163 2118 557 2190 Montibus
589 2117 949 2208 assurgens
976 2114 1482 2211 pulcherrima
1506 2117 1768 2186 cedrus
1797 2116 1870 2184 in
1900 2113 2113 2183 altis:

165 2219 475 2292 Coelesti
505 2239 582 2294 at
608 2221 836 2313 specie
862 2242 1048 2290 nunc
1073 2272 1093 2299 ,
1121 2218 1651 2292 CLEMENTINA
1674 2272 1697 2300 ,
1725 2218 1984 2289 nitenti
2012 2269 2032 2296 ‚

163 2322 495 2394 Ruribus
522 2324 840 2397 Urbanis
863 2319 1213 2394 frondens
1244 2322 1748 2415 pulcherrima
1772 2324 2017 2392 buxus
2044 2371 2068 2398 ,

161 2424 552 2497 Montibus
586 2425 953 2520 all'urgens
979 2424 1483 2518 pulcherrirna.
1506 2427 1767 2498 cedrus
1792 2426 1864 2493 in
1890 2423 2051 2492 altis
2078 2470 2102 2500 ‚,

163 2525 252 2595 In
283 2526 468 2598 lucis
493 2530 744 2601 laurus
781 2529 1051 2600 cedunt
1088 2529 1222 2601 tibi
1250 2581 1271 2607 ‚
1294 2526 1443 2598 lilia
1468 2529 1539 2600 in
1567 2527 1807 2598 hortis
1839 2577 1857 2592 .

64 2629 248 2719 Mop-
289 2631 371 2699 In
398 2628 598 2701 silvis
632 2631 940 2724 pulchre
966 2633 1319 2723 Dryades
1343 2677 1367 2708 ‚
1410 2627 1821 2719 hilaresque
1850 2628 2151 2719 Napaeae
2177 2681 2199 2707 Β

162 2732 493 2804 Naiades
518 2786 537 2813 ‚
561 2734 921 2806 celebrata
947 2732 1150 2804 Pales
1175 2786 1197 2813 ,
1226 2733 1659 2826 triplexque
1686 2732 1928 2804 Diana
1958 2766 1976 2810 ς

161 2834 318 2905 Eoo
344 2836 658 2908 rutilans
683 2833 1039 2908 formosus
1065 2834 1538 2929 Phosphorus
1564 2856 1750 2906 axe:

165 2938 563 3028 Adjunctae
588 2939 864 3034 superis
889 2937 990 3010 ast
1024 2992 1046 3021 ,
1070 2941 1604 3015 CLEMENTINA
1626 2991 1646 3021 ,
1674 2935 1899 3009 beatis
1925 2971 1947 3018 3
2013 3037 2047 3106 I

2058 3059 2100 3106 n
