2373 3439
875 195 1398 279 (Lxxxxv)

127 329 351 404 Visus
374 326 624 423 sponte
657 329 887 409 Puer,
912 326 1167 422 plenus
1191 320 1564 420 gravitate
1587 315 1831 400 senili,

128 431 601 524 Confilioque
631 450 940 526 potens,
965 453 1152 502 nunc
1178 430 1246 499 δι
1276 447 1412 521 par
1437 425 1742 519 Sceptra
1774 440 2056 494 tenere

227 533 494 630 Insigni
517 534 806 629 aspectu
826 534 1078 606 vultus
1105 550 1324 624 atque
1346 551 1471 601 ore
1498 525 1835 606 venusto,

129 638 391 712 Nescio
423 660 587 730 quae
612 637 962 731 praestans
991 637 1257 709 renitet
1278 632 1787 728 pulcherrima
1814 629 2058 699 virtus
2078 670 2101 704 2

133 743 232 814 Et
256 739 642 859 plusquam
665 738 978 811 mortale
998 737 1277 811 ferens.
1308 737 1380 807 Si
1404 734 1692 805 ludicra
1724 750 2053 827 pugnans

133 844 488 916 Pulvere
470 866 542 915 in
572 844 844 938 exiguo
864 861 1148 936 parvus
1176 838 1576 911 certamina
1602 835 1848 915 duciS,

123 949 294 1039 Jam
321 969 464 1019 non
490 966 840 1018 exercens
863 942 1037 1015 ficio
1059 942 1182 1014 sub
1206 942 1462 1014 Marte
1485 936 1914 1033 palestram:

133 1051 351 1121 Mars
374 1046 546 1119 sed
527 1070 603 1118 m
629 1046 922 1117 ardenti
947 1043 1318 1138 congreffu
1345 1063 1570 1113 verus
1598 1042 1672 1112 in
1698 1039 1929 1112 hostes

135 1150 410 1223 Proelia
433 1148 734 1220 bellanti
758 1142 1074 1227 dextra,
1110 1146 1453 1217 victricia
1477 1140 1732 1235 signa,

136 1253 393 1327 Milite
425 1250 776 1346 stipatus,
804 1271 1063 1323 cuneos
1090 1246 1416 1339 aciesque
1446 1245 1730 1314 videris

140 1358 479 1435 Ducere,
515 1375 792 1448 perque
815 1374 1111 1447 agmen,
1138 1348 1477 1421 laniantis
1499 1344 1828 1417 fulminis
1857 1344 2118 1424 instar,

140 1456 319 1530 Ense
345 1457 497 1528 uti·
526 1452 941 1548 caedesque,
965 1476 1244 1534 manu,
1278 1451 1550 1526 Crucis
1575 1448 1896 1521 hostibus
1921 1448 2186 1521 ardens

140 1553 512 1631 Fulminea
538 1554 861 1630 deferre·
887 1555 1054 1630 fluit
1079 1556 1282 1649 queis
1309 1553 1619 1648 Tigris
1603 1574 1675 1622 m
1701 1552 1903 1631 oris,

143 1661 309 1757 Qa
332 1658 554 1733 scatet
582 1662 1040 1754 EuphrateS,
1088 1660 1395 1753 rapidus
1419 1679 1562 1750 qua
1586 1654 1808 1726 Nilus
1836 1651 2186 1726 inundat.

249 1764 444 1857 Ergo
468 1787 623 1857 age,
631 1766 814 1857 riipe
837 1786 1085 1835 moras
1093 1765 1394 1857 ,puge‘ins
1415 1782 1545 1852 age
1569 1757 1792 1831 bella·
1813 1758 1994 1848 quid
2016 1775 2189 1848 ergo

149 1864 371 1936 Ultra
398 1866 578 1957 quid
599 1864 858 1938 cess'as.
841 1873 864 1915 >
890 1868 1135 1940 virtus
1159 1866 1317 1937 haec
1343 1879 1594 1943 tanta,
1619 1860 1744 1932 sub
1769 1855 2035 1932 umbra

154 1965 399 2063 Qam
425 1968 647 2040 lateat
678 1969 945 2051 tacita,
971 1969 1075 2041 est
1102 1973 1374 2059 major:
1405 1971 1578 2036 cum
1602 1965 1855 2036 Fratre
1881 1959 2112 2036 sodali

154 2071 564 2161 Conjumsto
590 2069 804 2143 lateri
824 2126 844 2154 ,
870 2071 1119 2144 stricto
1152 2089 1500 2142 mucrone
1527 2063 1805 2139 recluso
1829 2099 1851 2150 ς

155 2171 299 2240 Vel
329 2189 570 2242 tecum
589 2172 725 2244 Ille
748 2172 854 2244 sui
882 2176 1107 2267 gladii
1138 2171 1546 2264 fulgoribus
1574 2170 1836 2241 :ambo

157 2271 552 2365 Plusquam
582 2275 953 2368 Scipiades
979 2330 998 2356 ,
1034 2277 1278 2370 magni
1300 2274 1710 2344 virtutibus
1739 2273 1992 2352 ambe),

156 2375 267 2446 Ite
299 2397 433 2470 per
456 2393 880 2450 extremam
897 2381 1259 2472 Libyam:
1311 2375 1823 2466 Parthumque
1860 2373 2201 2446 severum

166 2478 748 2574 Fatalijugulate
774 2504 995 2554 manu
1025 2535 1045 2563 ,
1062 2479 1393 2574 jugulate
1425 2476 1747 2551 ferocem

165 2579 637 2653 Barbariem:
663 2579 1098 2678 Lunamque
1131 2582 1255 2654 suo
1282 2580 1402 2653 sub
1427 2579 1761 2676 sanguine
1790 2576 2101 2649 mersam

170 2682 492 2756 Scindite
512 2682 798 2756 sublimi
823 2686 1074 2781 planta
1101 2712 1118 2758 ε
1145 2684 1558 2779 peffundate
1584 2685 1831 2754 dirum
2090 2671 2096 2674 Α

165 2783 623 2858 Maurorum
646 2790 966 2862 Solium:
992 2792 1330 2864 Reduces
1355 2786 1638 2860 vexilla
1673 2786 1957 2859 subasta
1980 2837 2001 2867 ,

165 2883 586 3001 Barbaricis
611 2893 849 2989 captis
879 2892 1128 2989 spoliis
1152 2895 1429 2967 ditatus
1454 2910 1764 2986 uterque
1783 2942 1806 2974 ,
1966 2991 2030 3066 U

2041 3015 2108 3063 Γ..
