2373 3439
984 204 1404 284 (LXX1v)

628 330 916 427 Eodem
951 329 1237 422 Urbem
1283 327 1736 450 ingrediente
1777 396 1800 435 ‚

840 523 1546 582 TAMESIS

456 679 792 792 Regius
850 676 922 763 B
951 703 1049 761 Rl
1079 695 1216 762 T'A
1248 701 1525 761 NNIAE
1579 671 1935 760 Fluvius

757 866 816 927 Τ
847 870 881 925 Ι
920 871 962 925 Β
1006 872 1056 925 R
1105 871 1131 924 l
1173 869 1263 940 Ml
1311 860 1648 938 alloquitur.

353 1020 2027 1143 EPIGRAMMA.

164 1258 438 1444 SIste
472 1260 820 1354 fatigatas
849 1259 1080 1352 longis
1104 1255 1560 1331 anfraffibus
1588 1252 1820 1325 undas
1848 1306 1867 1334 ,

352 1365 646 1461 Tybri:
676 1380 842 1436 tuas
871 1383 1176 1458 magnus
1198 1383 1372 1434 nam
1398 1357 1587 1431 subit
1615 1355 1907 1450 Hospes
1939 1378 2207 1450 aquas·

164 1468 403 1562 Regia
429 1464 483 1540 fi
508 1466 712 1541 Latii
744 1465 1072 1559 majestas
1098 1464 1356 1540 exulat
1386 1463 1537 1536 oris
1563 1497 1583 1546 ς

253 1573 429 1664 Jam
456 1592 648 1645 nunc
669 1623 690 1652 ‚
715 1571 1012 1665 Tybri,
1045 1591 1241 1642 novo
1270 1571 1473 1661 Rege
1499 1567 1811 1639 decorus
1846 1566 2026 1636 eris,

160 1674 456 1771 Excipe
482 1669 742 1749 festiva
774 1674 1188 1748 venientem
1220 1671 1468 1746 fronte
1490 1667 2052 1765 JACOBUM3

264 1782 521 1874 Atque
542 1776 802 1851 hilaris
828 1777 1137 1851 charum
1172 1777 1460 1874 pondus
1479 1826 1498 1854 ,
1524 1773 1793 1845 Amice
1819 1823 1839 1852 ,
1874 1769 2064 1842 feras
2094 1825 2110 1842 .

158 1881 523 1976 Excipias
548 1932 570 1962 ,
604 1883 1024 1975 meritoque
1043 1880 1270 1952 Illum
1297 1877 1672 1951 venereris
1701 1875 1975 1948 honore
2003 1899 2023 1948 :

265 1985 420 2062 Hei
444 1984 671 2069 mihi,
699 1987 820 2059 cui
847 1979 1053 2059 ta‘hto
1076 2008 1226 2059 non
1254 1985 1478 2057 datur
1507 2002 1638 2053 ore
1660 1977 1846 2054 frui!

160 2087 388 2169 Hunc
419 2089 546 2165 ubi
568 2088 969 2164 contuleris
995 2111 1280 2184 magnae
1308 2086 1432 2159 sub
1458 2080 1734 2158 moenia
1757 2084 2019 2157 Romae
2047 2117 2066 2167 3

268 2193 355 2265 In
377 2213 586 2268 mare
609 2192 1038 2291 praecipites
1067 2192 1298 2268 volve
1321 2190 1673 2286 superbus
1707 2210 1936 2283 aquas
1967 2240 1982 2256 .

168 2295 242 2370 Si
268 2293 513 2369 fueras
547 2317 803 2395 omnes
825 2298 1035 2395 prifis
1061 2298 1262 2369 inter
1295 2294 1681 2368 maximus
1708 2313 1957 2364 amnes
1987 2313 2007 2360 :

266 2398 610 2499 Suscepto
641 2396 782 2476 hoc
805 2401 1109 2502 posthac
1135 2401 1456 2500 Hospite
1485 2451 1506 2481 ,
1532 2415 1852 2495 quantus
1885 2393 2027 2469 eris
2051 2394 2063 2462 ἔ
