2373 3439
1032 256 1415 332 (xv1u)

189 383 310 454 An
333 428 353 461 ,
377 381 548 473 quia
577 399 731 454 tam
757 382 950 455 rec‘ie
979 383 1181 452 vixit
1201 435 1218 462 ,
1253 400 1408 454 tarn
1428 380 1690 451 vivere
1713 375 1937 472 parca

187 486 339 557 Olli
364 486 555 556 sorte
582 487 845 557 datur?
877 488 989 558 Sic
1015 483 1150 556 Illa
1175 485 1247 554 in
1269 475 1569 578 Sceptra
1603 502 1916 555 vocatur
1953 508 1969 555 2

185 591 335 662 Hic
358 592 717 660 mercedis
745 591 975 661 honos
1015 593 1032 645 ?
1075 587 1364 659 meritis
1392 590 1547 659 haec
1574 590 1898 678 proemia
1939 586 2169 658 tantis
2203 593 2220 639 ?

188 691 482 784 Aspicis
508 745 526 773 ,
555 711 635 762 ut
662 693 1021 784 lacrymis
1055 690 1307 762 oculos
1332 687 1587 759 suffusa
1613 689 1923 762 nitentes

187 795 383 867 Urbs
411 796 541 864 tibi
568 795 791 867 chara
820 799 1015 885 jacet
1046 807 1064 859 ?
1101 794 1320 864 viden
1346 844 1365 872 ‚
1404 809 1488 860 ut
1511 811 1834 864 moerore
1861 792 2227 865 tabescens

189 898 403 970 Hanc
430 895 557 968 sibi
582 896 863 971 servari
886 896 1198 990 supplex
1222 912 1529 984 oretque
1559 901 1968 989 rogetque?

293 998 588 1094 Aspicis
616 1018 731 1079 ‚ut
762 1001 1049 1094 proprii
1073 1001 1309 1093 Regni
1332 1000 1502 1069 Rex
1528 992 2051 1087 ipseJACOBUs

187 1105 486 1177 Damna
513 1103 685 1175 tulit
713 1157 731 1183 ,
772 1102 1067 1195 fertque
1093 1100 1316 1194 usque
1341 1100 1548 1192 pius:
1580 1093 1999 1188 justiffimus
2032 1120 2217 1171 unus

185 1208 387 1278 Inter
409 1207 758 1279 mortales
780 1260 797 1287 ,
823 1209 886 1277 <Sc
921 1203 1491 1277 servantissimus
1522 1200 1750 1290 aequi?
2202 1224 2207 1228 ·

183 1310 391 1381 Inter
411 1326 486 1381 at
517 1312 858 1402 ambages
886 1363 904 1390 ,
933 1311 995 1379 ἃ
1018 1326 1126 1378 tot
1153 1304 1584 1377 discrimina
1612 1323 1868 1371 rerum
1897 1351 1920 1382 ,

186 1414 422 1486 Sortis
457 1414 520 1482 ὅ(
547 1412 873 1483 adversae
895 1411 1095 1483 casus
1123 1408 1374 1480 hosce:
1402 1406 1541 1479 hoc
1569 1405 1790 1474 decus
1816 1402 1925 1475 illi
1952 1457 1973 1485 ,

184 1516 356 1588 Hoc
376 1513 692 1586 solamen
714 1513 905 1585 adest
933 1515 1406 1602 :tantumque
1435 1508 1575 1580 hoc
1601 1505 1731 1578 effe
1759 1505 2111 1600 superstes
2144 1557 2164 1585 ,

185 1620 351 1691 Hoc
378 1617 729 1711 superesse
757 1635 1010 1710 rogat;
1070 1615 1356 1707 Sceptri
1381 1611 1477 1682 nil
1510 1631 1756 1680 cetera
1780 1632 2049 1682 curans
2071 1663 2087 1677 .

175 1723 500 1814 Jasturae
519 1722 793 1814 Regni,
819 1721 884 1790 ὃς
911 1720 1144 1791 Patrii
1170 1715 1614 1789 diadematis
1642 1735 1813 1804 ergo

189 1827 405 1900 Hanc
437 1823 1077 1916 superaddendam
1107 1823 1433 1915 patietur
1458 1814 1791 1886 moestior
1824 1836 1842 1887 2
1878 1810 2091 1885 Absit
2113 1861 2133 1879 .

190 1930 393 2002 Cum
422 1930 638 1999 Patre
666 1929 844 1999 Nati
867 1927 1082 1999 ambo
1109 1977 1128 2004 ,
1158 1923 1478 1999 Matris,
1501 1938 1628 2011 per
1649 1916 1885 1989 sidera
1915 1915 2159 1997 Coeli,

190 2033 330 2104 Per
357 2032 721 2123 quidquid
743 2026 1010 2125 magnei
1039 2028 1278 2101 Coelis
1305 2027 1584 2119 pietate
1619 2018 1937 2113 refulget
1968 2072 1985 2099 ‚

188 2136 532 2205 Innocuis
558 2135 782 2204 labris
812 2132 1117 2227 poscunt
1145 2144 1638 2223 repetuntque
1662 2123 1972 2196 salutem
2004 2176 2017 2189 .

193 2237 415 2333 Quod
434 2240 789 2310 meritum
815 2239 1036 2308 tantis
1062 2235 1433 2328 precibus!
1465 2251 1629 2320 quae
1655 2229 1895 2322 gratia
1924 2222 2121 2295 votis
2153 2224 2164 2289 ἒ

195 2343 462 2414 Gratia
491 2365 665 2414 num
695 2342 983 2412 meritis
1011 2341 1106 2410 est
1137 2339 1357 2410 tantis
1380 2333 1527 2406 ulla
1550 2331 1873 2426 neganda
1904 2331 1921 2382 ἲ

194 2443 371 2516 Ulla
404 2448 629 2538 igitur
655 2444 706 2516 s1
727 2463 908 2517 vota
931 2445 1315 2513 hominurn
1344 2440 1801 2528 lacrymaeve
1843 2426 2185 2524 precesve
2209 2479 2227 2506 ,

195 2548 607 2641 Thuraque
628 2549 881 2620 adusta
904 2565 1211 2619 movent
1231 2545 1523 2614 Numen
1543 2574 1561 2617 3
1586 2536 1833 2628 fijusta
1858 2553 2228 2625 rogamus:

200 2653 323 2725 Da
354 2703 374 2731 ‚
408 2655 662 2724 redeat
687 2652 972 2743 sperata
996 2648 1180 2719 salus
1210 2683 1230 2727 3
1267 2643 1355 2715 fit
1381 2644 1542 2713 vita
1577 2636 1976 2733 superstes,-

201 2757 322 2827 Da
344 2807 364 2836 ‚
392 2758 647 2834 Pater,
673 2776 753 2825 ut
788 2756 1039 2846 longos
1066 2751 1263 2822 ultra
1291 2745 1647 2841 procedat
1669 2746 1742 2811 in
1766 2760 1993 2810 annos
2027 2783 2042 2804 .

201 2858 446 2931 Vivat
474 2859 824 2930 delicium
847 2857 1065 2930 Natis
1088 2908 1107 2936 ,
1132 2850 1493 2947 Regisque
1521 2848 1859 2918 levamen
1886 2878 1905 2924 5

202 2961 442 3034 Vivat
467 2963 708 3036 adhuc
731 2960 963 3056 sospes
991 2959 1326 3054 pulchrae
1355 2958 1424 3027 in
1448 2953 1749 3024 virtutis
1776 2949 2167 3123 hogokrem:

2008 3067 2136 3117 ara
